2493 3237
257 385 376 414 suam
411 378 558 414 contra
589 373 884 430 grammaticos
910 373 1116 416 rationem
1146 374 1296 416 iisdem
1324 374 1415 416 fere
1447 371 1729 430 argumentiS‚
1771 385 1895 428 quam
1933 384 2042 428 quae
2073 384 2097 412 a
2129 384 2194 412 me

257 449 452 507 exposita
483 458 594 505 sunt,
627 466 814 510 pugnare
847 451 1078 510 potuerint.
1141 453 1406 510 Quamquam
1440 451 1539 494 nihil
1572 452 1626 494 de
1657 452 1728 494 tali
1761 465 1909 494 eorum
1943 448 2192 493 defensione

257 530 436 572 relatum
480 531 681 588 legimus,
717 531 808 573 sive
846 532 958 589 quod
992 546 1043 573 ea
1073 546 1157 573 non
1189 532 1254 574 usi
1281 539 1400 583 sunt,
1437 531 1528 573 sive
1561 531 1672 588 quod
1706 530 1908 573 memoria
1941 529 2036 572 eius
2064 529 2193 587 inter-

257 617 381 665 cepta
413 618 491 651 est.
554 609 660 652 Nam
693 624 802 666 quae
833 626 981 653 eorum
1014 614 1261 666 argumenta
1294 611 1345 651 ab
1378 610 1601 666 Apollonio
1632 610 1891 660 referuntur,
1923 609 1978 651 de
1998 622 2191 665 pronom.

257 686 461 744 p.4sqq.,
492 688 682 745 quamvis
715 702 795 732 non
828 690 1156 742 contemnenda,
1195 689 1296 731 illud
1323 696 1485 742 tamen,
1505 689 1546 731 in
1574 703 1657 744 quo
1680 689 1893 731 cardinem
1929 686 2191 745 quaestionis

258 764 364 808 verti
391 774 582 823 apparet,
611 767 651 809 h.
671 782 709 809 e.
737 782 879 810 veram
910 767 1202 825 pronominum
1238 776 1427 811 naturam
1457 781 1507 810 ac
1533 766 1903 810 demonstrationis
1931 774 1974 810 et
2004 766 2188 824 anapho-

254 856 328 885 rae
366 843 577 887 notionem
621 859 702 888 non
734 846 836 888 satis
876 847 1039 903 planam
1073 854 1199 903 atque
1228 853 1416 903 apertam
1440 845 1613 888 faciunt.
1674 845 1863 902 Tangam
1892 853 2031 888 tamen
2064 858 2186 902 prae·

254 922 380 978 cipua
411 933 557 965 eorum
587 931 630 965 et
653 938 761 980 quae
792 925 844 966 iis
875 927 926 966 ab
953 925 1179 981 Apollonio
1205 931 1492 981 opponuntur,
1519 923 1857 979 quandoquidem
1884 924 1988 965 haec
2014 937 2185 980 quoque

254 1001 409 1057 aliquid
442 1003 586 1044 facere
620 1013 797 1058 possunt
831 1004 882 1045 ad
910 1004 1002 1054 eius
1033 1004 1247 1059 ingenium
1277 1018 1523 1059 moremque
1551 1003 1763 1059 pugnandi
1794 1013 1836 1044 et
1864 1011 2010 1044 contra
2034 1001 2182 1043 adver—

252 1081 388 1122 sarios
416 1081 661 1136 disputandi
686 1082 845 1123 rectius
874 1083 1197 1124 aestimandum.

445 1160 581 1216 Igitur
607 1176 734 1216 quum
768 1161 901 1204 Stoici
941 1162 993 1204 ad
1032 1162 1288 1218 probandam
1319 1161 1594 1204 articulorum
1628 1175 1707 1203 non
1735 1160 1944 1203 diversam
1975 1175 1999 1202 a
2027 1175 2181 1216 prono-

252 1236 433 1281 minibus
465 1246 654 1282 naturam
682 1239 806 1283 etiam
834 1239 915 1284 vim
946 1240 1245 1298 anaphoricam
1289 1240 1481 1297 utrisque
1519 1254 1780 1283 communem
1812 1253 1910 1282 esse
1943 1246 2179 1293 monerent,

250 1315 321 1360 ille
349 1317 429 1360 hoc
454 1326 744 1375 argumentum
780 1319 842 1362 sic
875 1320 1044 1363 elevare
1079 1319 1245 1370 studet,
1286 1327 1331 1362 ut
1362 1333 1445 1361 non
1484 1317 1643 1371 omnia,
1678 1317 1829 1375 quibus
1868 1315 2027 1374 aliquid
2068 1316 2180 1360 inter

250 1409 298 1437 se
332 1410 554 1439 commune
585 1397 662 1451 sit,
696 1406 923 1455 propterea
956 1398 1081 1441 etiam
1112 1398 1236 1441 unius
1264 1397 1435 1455 generis
1468 1397 1658 1440 habenda
1688 1411 1784 1439 esse
1814 1395 1942 1439 dicat.
2005 1395 2111 1438 Nam
2136 1403 2180 1439 et

251 1470 526 1529 personarum
559 1475 909 1533 significationem
948 1491 1211 1519 communem
1239 1491 1336 1518 esse
1362 1476 1503 1518 verbis
1530 1490 1622 1518 cum
1657 1474 1998 1532 pronominibus,
2038 1489 2178 1532 neque

249 1559 387 1594 tamen
419 1554 610 1596 eiusdem
637 1555 743 1597 haec
766 1555 938 1611 generis
971 1570 1092 1609 esse,
1123 1562 1166 1597 et
1198 1555 1437 1607 masculini,
1465 1555 1666 1607 seminini,
1698 1554 1892 1596 neutrius
1931 1554 2178 1597 discrimina

249 1632 615 1676 terminationibus
647 1633 830 1676 indicata
859 1634 1095 1677 communia
1127 1650 1224 1676 esse
1256 1634 1532 1690 possessivis,
1576 1642 1620 1676 ut
1646 1638 1743 1686 ἐμός,
1767 1639 1810 1675 et
1848 1633 2091 1686 adiectiviS,
2129 1641 2176 1676 ut

249 1714 382 1766 καλός,
418 1719 462 1754 et
502 1720 641 1755 tamen
674 1713 780 1755 haec
815 1713 856 1755 in
889 1713 1070 1755 diversis
1096 1713 1286 1769 partibus
1310 1712 1510 1755 orationis
1525 1712 1684 1754 haberi.
1747 1712 1896 1765 Immo,
1926 1711 2057 1764 addit,
2090 1712 2175 1755 vita

250 1787 409 1842 pariter
434 1788 476 1832 in
506 1790 674 1845 bestiis,
704 1790 746 1833 in
778 1790 1037 1844 hominibus,
1064 1790 1105 1833 in
1141 1791 1205 1833 dis
1237 1798 1322 1844 est,
1355 1805 1491 1847 neque
1517 1797 1656 1832 tamen
1686 1789 1904 1847 quisquam
1938 1789 2015 1832 hos
2049 1790 2173 1834 unius

245 1868 415 1923 generis
448 1884 545 1912 esse
577 1871 703 1914 dicet.
766 1870 860 1928 Ego
893 1879 1030 1913 autem
1063 1871 1133 1914 vix
1160 1885 1411 1928 quemquam
1444 1885 1540 1912 esse
1561 1870 1706 1920 credo,
1739 1869 1810 1927 qui
1836 1869 1958 1912 huius
1985 1871 2172 1928 obloquii

249 1945 485 1990 futilitatem
525 1950 605 1991 sibi
642 1950 923 1992 demonstrari
962 1950 1158 2006 postulet.
1220 1949 1425 2005 Adiungit
1453 1949 1628 2005 insuper
1658 1948 1908 2005 Apollonius
1939 1949 2065 1990 etiam
2098 1963 2171 1992 no-

247 2023 382 2079 minis,
393 2042 476 2083 quo
487 2030 735 2084 pronomina
748 2030 909 2086 pariter
918 2037 1043 2085 atque
1062 2028 1226 2070 articuli
1239 2028 1428 2070 aStoicis
1439 2029 1771 2085 appellabantur,
1790 2027 2168 2083 reprehensionem

246 2116 327 2144 non
359 2105 554 2149 iniustam
585 2109 696 2150 illam
731 2109 923 2164 quidem,
957 2109 1033 2150 sed
1059 2108 1212 2149 nullius
1244 2117 1382 2149 tamen
1412 2108 1464 2149 ad
1495 2122 1585 2149 rem
1619 2107 1751 2162 ipsam
1784 2106 1998 2148 momenti.
2061 2108 2168 2150 Nam

247 2183 395 2226 melius
424 2186 610 2229 facturos
645 2188 813 2230 Stoicos
842 2188 997 2239 fuisse,
1036 2188 1072 2244 si
1109 2187 1219 2229 aliud
1254 2202 1404 2229 nomen
1442 2186 1640 2228 universo
1667 2185 1813 2241 generi
1846 2186 1977 2240 magis
2004 2201 2169 2230 accom—

246 2262 457 2306 modatum
486 2266 807 2321 quaesivissent,
835 2266 978 2322 negari
1005 2280 1088 2308 non
1115 2274 1267 2322 potest,
1294 2273 1338 2307 et
1367 2280 1391 2306 a
1409 2264 1584 2321 meipso
1609 2265 1649 2306 in
1684 2265 1821 2320 capite
1849 2264 1984 2320 primo
2018 2265 2166 2309 harum

245 2339 654 2386 animadversionum
686 2345 926 2401 expositum
960 2353 1040 2386 est.
1101 2345 1259 2386 Verum
1291 2351 1430 2385 tamen
1449 2342 1711 2398 ApolloniuS,
1744 2356 1871 2398 quum
1888 2342 2012 2384 nullis
2042 2358 2167 2399 prae·

245 2424 310 2460 ter
327 2434 428 2463 suos
444 2422 645 2466 articulos
668 2423 882 2466 vocabulis
899 2422 941 2465 id
960 2437 1113 2466 nomen
1130 2422 1258 2465 tribui
1276 2422 1474 2465 debuisse
1490 2430 1657 2474 censet,
1678 2434 1820 2463 veram
1840 2421 1934 2464 eius
1952 2424 2167 2471 notionem

245 2504 317 2539 aut
335 2497 555 2554 ignorasse
577 2510 650 2544 aut
671 2502 960 2544 dissimulasse
978 2502 1217 2544 censendus
1241 2509 1328 2553 est,
1364 2515 1444 2557 qua
1462 2501 1515 2542 de
1538 2515 1585 2542 re
1616 2514 1713 2542 mox
1735 2501 1857 2556 plura
1884 2501 2092 2547 dicemus.
2114 2533 2166 2539 -—

247 2575 504 2623 Monuerunt
530 2596 659 2638 porro
692 2581 827 2625 Stoici
852 2581 947 2624 illos
977 2582 1048 2639 qui
1079 2581 1245 2624 articuli
1278 2595 1302 2623 a
1332 2579 1614 2637 grammaticis
1643 2587 1846 2622 vocantur
1875 2580 1916 2622 in
1950 2582 2168 2643 plerisque

244 2656 348 2700 locis
371 2658 618 2705 Homericis
650 2662 911 2705 manifestam
944 2676 1047 2720 prae
1079 2677 1126 2704 se
1157 2661 1272 2704 ferre
1304 2659 1728 2703 demonstrativorum
1756 2661 2053 2717 pronominum
2085 2667 2166 2711 vim

244 2742 287 2778 et
317 2744 523 2794 naturam,
556 2742 678 2785 cuius
705 2741 767 2784 rei
797 2741 993 2798 exempla
1015 2740 1169 2784 afferre
1198 2753 1557 2797 supervacaneum
1591 2745 1670 2781 est.
1733 2739 1850 2797 Quid
1876 2749 2018 2786 autem
2039 2747 2168 2803 Apol-

244 2815 416 2859 tonius?
445 2819 652 2875 Primum,
691 2835 773 2864 non
801 2820 837 2863 si
868 2819 969 2877 quid
1001 2835 1079 2877 pro
1111 2820 1244 2863 altero
1275 2817 1359 2861 dici
1377 2817 1525 2875 possit,
1557 2826 1788 2876 propterea
1818 2820 1944 2869 etiam
1975 2823 2166 2870 eiusdem

241 2895 412 2951 generis
444 2912 561 2942 esse:
590 2914 684 2943 nam
717 2906 761 2943 et
793 2899 959 2943 nomina
984 2899 1157 2957 propria
1184 2910 1478 2954 nonnunquam
1506 2897 1602 2941 loco
1635 2899 1929 2955 pronominum
1956 2906 2166 2962 usurpari,

1910 2981 1929 3006 2
