2493 3237
1203 213 1249 260 4

254 355 371 404 puto,
399 347 441 390 in
468 361 567 404 quo,
589 353 789 403 quantum
816 345 985 402 quidem
1014 354 1197 399 constet,
1229 354 1302 390 aut
1332 361 1455 389 nemo
1488 354 1585 388 ante
1617 360 1713 388 eum
1741 353 1814 388 aut
1834 345 2039 402 perpauci
2065 360 2187 389 accu-

255 426 388 470 ratius
420 425 579 470 versati
607 433 719 478 sunt,
751 432 794 468 et
820 423 856 468 si
889 423 959 481 qui
994 426 1152 468 versati
1183 434 1282 469 sunt
1308 426 1375 470 vix
1400 440 1559 482 operae
1577 424 1761 482 pretium
1793 424 1950 468 secisse
1976 424 2188 468 videntur.

255 504 407 563 Neque
446 501 633 548 imminui
675 501 769 546 eius
814 500 982 547 laudem
1022 502 1229 560 arbitror,
1267 503 1302 549 si
1339 519 1419 548 non
1461 502 1622 562 pariter
1662 502 1801 548 omnia
1831 511 1951 548 recte
1979 510 2188 548 tractasse

255 584 468 640 multaque
496 581 682 638 posteris
708 587 781 624 aut
809 581 1066 638 corrigenda
1099 591 1172 626 aut
1211 582 1473 640 perficienda
1504 582 1732 640 reliquisse
1761 583 1941 626 dicatur.
2002 582 2108 626 Nam
2142 591 2189 626 ut

256 662 296 703 in
331 660 486 703 ceteris
515 659 752 716 disciplinis
781 659 843 701 sic
876 660 918 701 in
951 660 1030 702 hac
1063 661 1255 703 rationali
1283 660 1553 718 grammatica
1585 660 1721 703 lentos
1752 669 1912 704 tantum
1941 662 2066 720 longo
2083 669 2187 704 tem-

256 754 358 796 pore
395 738 720 795 coniunctisque
761 739 989 781 multorum
1028 740 1181 782 studiis
1218 754 1471 797 progressus
1509 739 1644 781 factos
1676 753 1775 781 esse
1808 753 1889 782 non
1928 741 2079 784 mirum
2107 748 2187 794 est,

253 833 379 872 quum
413 817 666 872 praesertim
701 818 858 858 multae
890 818 974 858 sint
1006 818 1293 872 quaestiones,
1324 831 1428 872 quas
1459 817 1527 871 qui
1562 823 1680 857 recte
1712 824 1898 858 tractare
1937 831 1987 858 ac
2024 819 2187 874 persol-

254 911 354 936 vere
386 904 581 947 conetur,
615 910 696 936 non
724 896 833 937 intra
865 897 990 937 unius
1017 897 1184 950 linguae
1217 895 1419 936 terminos
1451 910 1498 935 se
1527 895 1769 946 continere,
1801 895 1878 935 sed
1910 896 2185 950 plurimarum

255 973 539 1030 cognitionem
563 982 607 1016 et
626 974 983 1030 comparationem
1003 973 1208 1016 adhibere
1229 974 1397 1026 debeat,
1428 974 1469 1016 id
1489 972 1599 1030 quod
1618 973 1668 1015 ab
1689 972 1913 1029 Apollonio
1930 987 2011 1016 nec
2028 978 2184 1017 factum

253 1067 350 1095 esse
384 1066 465 1095 nec
494 1051 620 1095 facile
652 1052 746 1095 fieri
782 1051 974 1110 potuisse
1004 1051 1270 1095 manifestum
1305 1060 1384 1095 est.
1448 1053 1504 1095 At
1529 1053 1759 1107 enimvero,
1791 1051 2057 1110 quantumvis
2079 1052 2184 1096 haec

252 1131 390 1173 omnia
432 1144 608 1173 monere
648 1146 724 1173 nos
761 1132 963 1184 debeant,
998 1145 1050 1173 ne
1091 1132 1185 1186 plus
1228 1133 1278 1172 ab
1319 1146 1371 1172 eo
1412 1132 1631 1187 exigamus
1673 1145 1796 1188 quam
1830 1131 2037 1187 praestari
2063 1138 2184 1187 potu-

255 1210 359 1262 erit,
408 1224 491 1250 non
539 1210 887 1250 dissimulandum
934 1217 1073 1250 tamen
1121 1217 1186 1249 sat
1232 1210 1362 1250 multa
1407 1210 1500 1251 cius
1544 1219 1720 1265 peccata
1768 1223 1886 1261 esse,
1926 1209 2183 1264 quac'eius-

255 1287 366 1330 modi
401 1287 720 1330 excusationem
757 1302 837 1330 non
878 1288 1111 1330 admittant.
1177 1287 1345 1329 Accidit.
1377 1287 1487 1329 enim
1519 1302 1601 1329 non
1635 1302 1755 1340 raro,
1795 1296 1841 1330 ut
1877 1301 2018 1330 veram
2057 1289 2183 1330 ratio-

254 1382 349 1409 nem
383 1381 406 1409 a
436 1366 731 1423 superioribus
764 1374 836 1408 aut
860 1366 1146 1423 grammaticis
1175 1374 1247 1408 aut
1280 1367 1558 1423 philosophiS,
1586 1366 1767 1409 maxime
1784 1366 1957 1418 Stoicis,
1986 1366 2022 1408 si
2047 1366 2184 1408 minus

253 1444 414 1501 liquido
462 1444 790 1487 demonstratam
832 1452 875 1487 et
915 1444 1191 1501 explicatam,
1227 1453 1344 1487 certe
1384 1453 1523 1487 tamen
1560 1444 1796 1487 incohatam
1837 1451 1880 1487 et
1920 1445 2183 1502 aliquatenus

253 1523 545 1579 significatam,
578 1538 660 1565 non
690 1523 816 1565 modo
850 1537 931 1565 non
967 1531 1240 1579 agnosceret,
1281 1524 1382 1576 scd,
1421 1523 1535 1579 quod
1568 1523 1738 1579 aegrius
1778 1523 2022 1576 ferendum,
2056 1524 2181 1565 etiam

250 1601 541 1659 impugnaret,
574 1608 618 1643 et
657 1601 692 1643 si
723 1601 823 1657 quid
865 1616 959 1644 cum
990 1601 1260 1658 opinionibus
1293 1610 1364 1644 aut
1392 1603 1442 1644 ab
1472 1601 1565 1658 ipso
1597 1601 1817 1658 conceptis
1844 1611 1917 1644 aut
1947 1601 1989 1644 in
2023 1602 2181 1655 schola,

251 1681 318 1723 cui
352 1694 399 1722 se
431 1679 672 1733 addixerat,
705 1679 924 1723 tralaticiis
957 1680 1238 1737 discreparet,
1268 1680 1397 1723 nimio
1427 1680 1607 1737 quodam
1640 1679 1864 1722 refellendi
1895 1680 2038 1723 studio
2060 1680 2181 1738 quasi

250 1766 506 1801 occoecatus
536 1760 588 1800 ad
620 1760 939 1815 argumentandi
965 1775 1100 1815 genus
1141 1761 1393 1816 confugeret
1429 1774 1509 1800 non
1544 1760 1669 1800 modo
1704 1759 1916 1801 infirmum
1950 1759 2027 1801 sed
2055 1761 2180 1801 etiam

248 1839 375 1880 fallax
409 1845 452 1879 et
480 1838 800 1879 cavillatorium.
863 1838 972 1879 Tale
1004 1838 1103 1895 quid
1137 1839 1263 1879 ctiam
1299 1839 1340 1879 in
1372 1838 1439 1890 iis,
1472 1852 1581 1894 quae
1612 1838 1666 1878 de
1682 1837 1861 1879 articulo
1894 1837 2096 1894 disputat,
2130 1840 2180 1880 ab

249 1933 301 1959 eo
343 1917 615 1958 commissum
656 1931 776 1964 esse,
823 1917 901 1958 hac
935 1917 1242 1972 scriptiuncula
1291 1917 1390 1957 mihi
1429 1917 1803 1958 demonstrandum
1852 1917 2027 1973 sumpsi.
2090 1918 2178 1959 Sed

248 2012 376 2052 quum
412 1995 547 2038 omnis
577 1995 646 2037 illa
679 1995 909 2051 disputatio
950 1995 990 2037 in
1024 1996 1129 2037 duas
1165 2003 1308 2051 partes
1343 1995 1529 2050 dispesci
1557 1995 1712 2050 possit,
1754 2010 1931 2052 quarum
1968 1996 2101 2037 altera
2139 1996 2178 2038 in

248 2076 286 2117 vi
318 2082 361 2117 et
385 2081 533 2116 natura
564 2073 730 2116 articuli
760 2074 1086 2116 demonstranda
1120 2083 1338 2126 versatur,
1373 2074 1504 2115 altera
1546 2074 1681 2116 varias
1709 2074 1802 2116 eius
1837 2074 2178 2117 constructiones

247 2153 546 2210 persequitur,
586 2167 665 2208 ego
696 2167 807 2194 nunc
841 2153 1009 2209 quidem
1048 2154 1101 2195 de
1144 2153 1288 2210 priore
1332 2161 1490 2194 tantum
1524 2160 1643 2209 parte
1677 2153 1871 2195 dicturus
1902 2168 2017 2206 sum,
2050 2168 2177 2209 quum

248 2231 500 2289 praesertim
515 2231 620 2272 haec
636 2232 758 2287 longe
767 2232 937 2287 gravior
946 2232 1013 2283 sit,
1030 2246 1168 2288 neque
1180 2232 1232 2274 ad
1244 2233 1418 2273 alteram
1438 2233 1770 2286 percensendam
1781 2237 1950 2286 tempus
1965 2239 2178 2288 suppetat.

439 2307 622 2351 Primum
657 2307 785 2367 igitur
826 2309 1074 2366 Apollonius
1114 2309 1357 2352 Stoicorum
1390 2307 1615 2362 rationem,
1655 2322 1679 2352 a
1709 2307 1861 2366 quibus
1900 2308 2101 2353 articulos
2135 2310 2177 2353 in

245 2391 393 2432 cadem
435 2407 530 2434 cum
580 2389 899 2448 pronominibus
941 2397 1062 2446 parte
1100 2388 1304 2431 orationis
1351 2387 1511 2444 positos
1551 2402 1648 2429 esse
1691 2394 1878 2441 cunstat,
1921 2402 2177 2446 magnopere

243 2472 501 2527 improbans,
533 2471 575 2513 id
609 2470 695 2526 agit
724 2478 768 2510 ut
800 2469 892 2509 iure
926 2470 1161 2524 meritoque
1195 2468 1398 2509 articulos
1431 2481 1452 2507 a
1474 2466 1791 2522 pronominibus
1820 2467 2011 2523 separari
2034 2483 2176 2510 suum-

243 2567 324 2607 que
360 2566 408 2592 ac
439 2551 656 2606 proprium
685 2550 725 2591 in
757 2549 945 2604 partibus
979 2548 1181 2590 orationis
1199 2549 1337 2589 locum
1370 2547 1421 2587 iis
1442 2546 1644 2601 assignari
1676 2546 1877 2588 debuisse
1897 2547 2175 2601 demonstret,

240 2630 281 2673 in
314 2644 395 2686 qua
428 2628 790 2672 demonstratione
819 2642 945 2683 quum
975 2627 1075 2670 illud
1104 2627 1296 2683 quidem,
1338 2641 1421 2681 quo
1469 2625 1672 2668 differunt
1711 2640 1734 2668 a
1778 2624 1935 2668 ceteris
1962 2628 2175 2682 pronomi-

242 2710 363 2752 nibus
384 2707 550 2751 articuli
583 2707 663 2761 sui,
696 2707 890 2751 studiose
921 2713 1122 2763 exponat,
1157 2719 1308 2748 causas
1337 2713 1475 2746 tamen
1500 2704 1626 2748 huius
1653 2703 1921 2747 differentiae
1947 2719 2174 2763 veramque

239 2789 445 2831 rationem
473 2787 610 2828 minus
640 2786 876 2843 perspexit,
910 2786 963 2827 de
996 2785 1100 2841 ipsis
1128 2792 1269 2826 autem
1287 2784 1476 2825 articulis
1509 2799 1559 2825 ea
1574 2784 1753 2840 profert,
1786 2797 1894 2839 quae
1924 2783 1968 2826 in
1992 2785 2173 2827 alterum

237 2867 430 2924 quidem,
459 2879 555 2907 eum
591 2865 660 2921 qui
955 2879 989 2906 s.
1014 2863 1328 2920 praepositivus
1358 2862 1536 2915 dicitur,
1579 2862 1790 2918 quadrare
1834 2861 2076 2915 videantur,
2114 2864 2167 2906 de
