2493 3237
270 953 526 1041 Apollonii
561 984 837 1027 Alexandrini
870 999 992 1042 quam
1023 1000 1169 1044 magna
1201 987 1329 1029 suerit
1362 985 1473 1042 apud
1502 985 1765 1042 posteriores
1787 983 2079 1042 grammaticos
2109 981 2197 1025 exi-

270 1062 454 1106 stimatio
483 1063 691 1106 neminem
725 1063 830 1121 fugit
863 1064 1136 1108 mediocriter
1169 1065 1294 1109 modo
1321 1064 1363 1107 in
1404 1064 1485 1107 hoc
1513 1063 1749 1106 litterarum
1779 1077 1938 1121 genere
1969 1068 2195 1106 versatum.

274 1140 378 1181 Nam
412 1154 493 1181 non
519 1140 678 1182 Graeci
712 1142 847 1182 solum
873 1142 1109 1198 Byzantiae
1140 1144 1312 1184 scholae
1345 1143 1561 1195 doctores,
1590 1156 1769 1198 quorum
1788 1142 1839 1182 ad
1859 1141 2056 1198 Dionysii
2083 1140 2197 1181 libel-

270 1219 355 1259 lum
392 1219 717 1261 commentarios
760 1220 879 1261 Imm.
912 1220 1096 1262 Bekkcri
1141 1221 1350 1262 industria
1386 1220 1505 1262 nobis
1544 1220 1736 1277 aperuit,
1783 1219 1919 1261 ubivis
1954 1219 2047 1260 sere
2088 1219 2198 1260 bunc

271 1311 398 1340 unum
431 1304 650 1340 auctorem
679 1298 801 1355 sequi
828 1299 980 1353 solent,
1013 1314 1137 1356 quem
1164 1300 1483 1356 grammaticum
1515 1314 1639 1342 suum
1660 1298 1780 1356 quasi
1808 1297 2198 1355 perexcellentium

271 1384 314 1418 et
345 1391 553 1419 summum
583 1378 947 1436 technographum
981 1386 1132 1421 vocant
1149 1380 1204 1436 ¹),
1231 1379 1308 1421 sed
1327 1378 1575 1422 Priscianus
1593 1392 1763 1436 quoque
1790 1377 1831 1420 in
1861 1376 2196 1420 institutionibus

269 1456 553 1511 grammaticis
581 1458 691 1499 hunc
726 1457 991 1513 potissimum
1025 1457 1104 1499 sibi
1137 1458 1290 1500 ducem
1318 1459 1519 1515 sumpsit,
1567 1458 1688 1500 cuius
1719 1457 1985 1514 scrupulosis
2015 1457 2197 1514 quaesti-

270 1533 421 1578 onibus
457 1535 559 1578 nibil
600 1535 889 1590 enucleatius,
930 1550 1161 1593 omnesque
1199 1535 1481 1593 antiquiorum
1515 1552 1686 1580 errores
1713 1541 1916 1593 purgatos
1952 1551 2051 1579 esse
2077 1542 2196 1579 autu-

271 1622 355 1656 mat
367 1614 428 1671 2).
490 1615 579 1658 Nec
610 1615 723 1658 inter
749 1615 1014 1658 recentiores
1053 1623 1309 1672 nostraeque
1339 1615 1489 1675 aetatis
1511 1615 1806 1672 grammaticos
1835 1614 2087 1664 defuerunt,
2124 1614 2196 1671 qui

270 1692 383 1734 hunc
411 1692 514 1734 artis
547 1707 650 1735 suae
682 1692 919 1750 principem
950 1701 993 1736 et
1017 1693 1233 1736 rationalis
1261 1693 1510 1750 disciplinae
1543 1693 1694 1735 ducem
1726 1707 1774 1735 ac
1806 1692 2050 1750 signiferum
2083 1707 2195 1734 sum-

275 1769 353 1810 mis
386 1769 583 1811 laudibus
623 1770 850 1824 efferrent,
890 1785 913 1812 a
943 1772 1096 1828 quibus
1138 1771 1207 1828 qui
1244 1771 1473 1813 dissentire
1511 1779 1554 1813 et
1592 1778 1844 1829 pervagatae
1877 1785 1927 1812 ac
1963 1770 2195 1812 tralaticiae

273 1850 408 1890 famae
441 1850 609 1905 obloqui
637 1851 844 1892 auderent
877 1865 1116 1907 perpaucos
1141 1851 1335 1892 extitisse
1354 1851 1513 1892 videas.
1574 1852 1656 1892 Est
1681 1858 1819 1892 autem
1839 1851 1880 1891 in
1912 1850 1976 1891 his
1993 1850 2056 1891 vir
2086 1864 2195 1891 unus

274 1928 662 1983 praestantissimus
706 1931 885 1970 loannes
923 1930 1175 1980 Classenus,
1217 1929 1288 1984 qui
1333 1943 1460 1984 quum
1509 1943 1616 1969 anno
1655 1927 2010 1969 MDcccxxlv
2057 1927 2195 1968 adhuc

273 2006 525 2048 adolescens
567 2007 780 2063 egregiam
822 2006 1163 2049 dissertationem
1198 2006 1487 2063 inauguralem
1528 2006 1581 2049 de
1621 2005 1864 2063 primordiis
1894 2005 2195 2062 grammaticae

270 2099 450 2142 graecae
505 2085 764 2142 publicaret,
818 2084 857 2127 in
898 2084 1089 2127 thesibus
1128 2084 1416 2127 dissertationi
1464 2084 1641 2127 adiectis
1675 2085 1782 2127 hanc
1821 2084 1996 2141 primam
2031 2084 2196 2141 posuit:

274 2164 615 2220 Apollonium
660 2165 956 2221 Dyscolum
1010 2164 1275 2205 immerito
1322 2172 1544 2220 propter
1592 2163 1779 2205 iudicii
1831 2163 2195 2205 subtilitatem

272 2243 595 2298 praedicari.
659 2242 775 2284 Huic
808 2242 843 2283 si
877 2256 955 2298 ego
986 2256 1052 2283 me
1083 2242 1415 2298 subscriptorem
1449 2241 1676 2298 profiteor,
1719 2255 1801 2282 non
1827 2240 1889 2282 sic
1921 2241 2003 2289 hoc
2041 2241 2197 2298 accipi·

272 2321 425 2364 endum
464 2331 550 2375 est,
589 2337 637 2364 ac
672 2322 708 2363 si
748 2323 874 2364 multa
915 2336 1145 2378 magnaque
1180 2320 1389 2377 Apollonii
1433 2336 1561 2377 quum
1589 2321 1629 2362 in
1663 2319 1773 2362 omni
1806 2326 1897 2362 arte
1923 2321 2198 2377 grammatica

272 2406 359 2441 tum
392 2400 624 2457 praecipue
654 2400 694 2442 in
727 2401 806 2443 hac
838 2406 973 2457 parte,
1001 2413 1108 2457 quae
1138 2406 1203 2441 est
1235 2399 1288 2441 de
1317 2399 1633 2441 constructione
1650 2400 1892 2453 verborum,
1922 2399 2074 2442 merita
2099 2415 2197 2442 esse

272 2478 472 2519 diffitear.
535 2480 640 2521 Nam
674 2481 867 2536 profecto
901 2479 1100 2536 plurimas
1129 2480 1178 2519 ab
1211 2494 1262 2519 eo
1296 2487 1533 2520 structuras
1568 2486 1686 2520 recte
1714 2486 1964 2534 perspectas
1998 2486 2042 2521 et
2067 2481 2198 2522 subti-

270 2557 366 2599 liter
390 2558 623 2614 explicatas
656 2575 752 2601 esse
784 2559 923 2612 video,
956 2573 1132 2614 eamque
1164 2557 1257 2600 eius
1278 2557 1444 2599 laudem
1471 2564 1587 2616 tanto
1610 2557 1742 2613 pluris
1766 2557 2069 2601 aestimandam
2101 2573 2198 2601 esse

271 2636 435 2690 iudico,
476 2637 513 2679 si
545 2652 641 2680 eum
669 2638 709 2679 in
742 2639 853 2680 omni
883 2639 964 2680 hoc
997 2651 1154 2694 genere
1195 2636 1487 2693 quaestionum
1521 2636 1611 2677 fere
1643 2636 1824 2692 primum
1853 2637 2100 2680 elaborosse
2134 2652 2198 2679 re-

444 2807 483 2849 1)
511 2808 614 2841 Bekk.
639 2790 763 2842 Anecd.
787 2818 818 2849 p.
837 2809 914 2847 753,
940 2809 994 2840 28.
1039 2809 1116 2846 920,
1149 2811 1195 2840 15.

443 2859 484 2904 2)
510 2862 670 2897 Prtsctan.
694 2863 799 2905 praet.
824 2858 857 2907 §.
875 2863 907 2896 2.
931 2862 970 2902 11,
996 2863 1029 2902 o,
1052 2863 1105 2896 30.
