2493 3237
1227 198 1262 246 2

277 331 369 389 guit
396 331 506 373 enim
539 335 603 382 γῆν
628 334 777 373 πλείονα
802 338 913 384 δεῖξιν
939 338 982 373 et
1013 334 1078 384 τὴν
1101 336 1361 389 ἀμαυροτέραν
1375 336 1442 392 ⁶),
1470 334 1509 376 li.
1528 347 1566 376 e.
1598 332 1819 376 fortiorem
1851 346 1886 372 s.
1921 331 2206 375 efficaciorem

278 411 681 453 demonstrationem
714 419 758 452 et
797 411 1046 452 debiliorem
1078 425 1114 451 s.
1142 411 1446 453 remissiorem.
1510 413 1584 454 Sic
1626 413 1755 469 igitur
1785 411 1911 452 etiam
1951 411 2205 467 anaphoram

278 489 399 531 aliam
430 489 650 532 fortiorem
676 496 720 530 et
753 488 1062 542 efficaciorem,
1102 488 1224 530 aliam
1257 489 1504 532 debiliorem
1535 505 1632 533 esse
1659 490 1876 533 fatendum
1908 497 1986 532 est.
2048 488 2206 532 Effica-

278 568 437 611 ciorem
466 583 557 611 eam
590 582 688 610 esse
719 568 924 623 dicemus,
955 583 1066 626 quae
1094 568 1142 611 fit
1172 582 1250 624 per
1282 569 1529 624 pronomina
1558 570 1675 621 οὗτος,
1700 574 1854 618 ἐκεῖνος,
1886 583 2066 626 quorum
2101 569 2206 610 haec

279 646 341 689 vis
368 654 454 701 est,
488 654 534 690 ut
563 646 628 689 rei
659 646 739 688 iam
769 654 865 689 ante
897 655 1254 690 commemoratae
1283 647 1495 689 notionem
1528 648 1620 704 ipsa
1649 664 1725 704 per
1754 663 1802 690 se
1833 650 1921 691 sola
1949 649 1993 691 in
2019 647 2203 690 animum

275 734 499 778 revocent,
536 740 675 782 neque
711 740 818 782 opus
854 726 909 768 sit
940 727 1066 769 etiam
1108 725 1274 768 nomine
1314 725 1377 767 rei
1417 726 1584 777 addit03
1632 726 1877 769 debiliorem
1913 736 2053 770 autem
2095 740 2204 777 eam,

276 818 384 861 quae
418 805 465 847 fit
487 820 565 861 per
581 805 802 847 articulum
833 820 927 847 cum
953 804 1121 848 nomine
1150 804 1228 856 rei,
1262 805 1331 847 cui
1359 820 1487 861 quum
1505 805 1675 847 additur
1702 805 1918 859 articulus,
1950 806 1986 848 is
2004 814 2202 861 tanquam

275 882 439 939 signum
472 885 682 940 quoddam
716 892 781 926 est
807 885 873 926 vel
887 894 986 926 nota
1009 883 1165 925 nomini
1198 883 1420 939 impressa,
1454 898 1562 940 quae
1577 884 1799 926 admoneat
1826 886 2078 938 auditorem,
2108 899 2201 926 eam

276 977 328 1005 eo
360 963 527 1006 nomine
558 979 648 1006 rem
678 964 905 1021 designari,
938 977 1060 1019 quam
1095 962 1176 1018 ipsi
1208 962 1288 1005 iam
1316 963 1486 1006 aliunde
1518 977 1603 1005 non
1632 962 1813 1019 ignotam
1845 980 1942 1007 esse
1957 977 2201 1021 praesuma-

275 1024 382 1083 mus.
444 1044 586 1099 Atque
613 1043 711 1085 huie
735 1043 880 1100 generi
907 1041 1148 1098 anaphorae
1179 1042 1337 1083 nullum
1369 1043 1509 1099 aptius
1535 1057 1764 1099 pronomen
1783 1044 2085 1100 anaphoricum
2103 1056 2202 1084 esse

274 1127 472 1177 apparet,
504 1135 626 1178 quam
660 1122 763 1163 illud
790 1122 1146 1179 monosyllabum,
1185 1122 1298 1176 quod
1331 1136 1457 1178 quum
1488 1121 1729 1178 anaphorae
1772 1122 1854 1163 vim
1896 1122 2071 1176 habeat,
2112 1128 2201 1163 tum

272 1207 451 1256 propter
475 1200 720 1242 brevitatem
749 1201 946 1243 facillime
976 1199 1132 1242 nomini
1161 1213 1209 1240 se
1241 1200 1427 1256 appficet
1442 1200 1500 1256 ⁷).
1565 1200 1675 1241 Nihil
1700 1202 1836 1243 obstat
1867 1209 2009 1243 autem
2036 1199 2199 1259 quomi-

272 1293 353 1321 nus
385 1287 612 1335 utrumque
642 1294 777 1335 genus
799 1281 1039 1335 anaphorae
1064 1280 1106 1321 in
1140 1279 1331 1321 eiusdem
1361 1279 1424 1320 rei
1457 1280 1629 1321 notione
1662 1280 1898 1321 revocanda
1921 1280 1985 1323 sie
2002 1279 2202 1322 adhibea-

273 1364 364 1410 tur,
397 1363 444 1400 ut
482 1364 755 1415 posteaquam
797 1373 866 1401 res
906 1357 1239 1401 demonstrativo
1272 1357 1520 1413 pronomine
1550 1354 1656 1403 οὗτος
1688 1366 1757 1401 aut
1785 1364 1922 1403 ἐκεῖνος
1964 1357 2203 1415 significata

270 1435 373 1490 fuit,
405 1436 582 1491 deinde,
615 1451 698 1493 quo
726 1437 860 1480 minus
887 1437 1052 1481 scilicet
1075 1436 1229 1494 ambigi
1256 1436 1413 1493 possit,
1445 1436 1570 1479 etiam
1595 1438 1725 1480 altera
1756 1438 1817 1480 rei
1858 1437 2096 1495 designatio
2123 1450 2203 1494 per

272 1530 424 1557 nomen
456 1531 552 1558 cum
584 1517 785 1570 articulo,
822 1517 1083 1574 repetendae
1125 1516 1308 1559 notionis
1337 1516 1481 1573 signo,
1521 1516 1795 1574 adiungatur,
1831 1518 1947 1559 velut
1988 1516 2060 1574 qui
2098 1515 2203 1557 dicit

270 1592 377 1638 οὗτος
403 1598 423 1634 ὁ
451 1594 660 1652 ἄνθρωπος,
697 1597 946 1652 pronomine
986 1596 1119 1639 utitur
1154 1603 1200 1638 ut
1230 1596 1271 1637 in
1311 1610 1359 1637 re
1402 1611 1479 1652 per
1510 1596 1616 1638 hanc
1656 1596 2055 1639 demonstrationem
2096 1594 2201 1636 satis

269 1674 500 1730 designata,
558 1676 712 1717 deinde
757 1683 896 1717 tamen
935 1676 1137 1717 disertius
1180 1676 1357 1716 eandem
1392 1676 1517 1716 etiam
1568 1676 1772 1728 nominat,
1826 1676 1968 1717 addito
2007 1675 2202 1722 articulo,

270 1752 428 1809 quippe
457 1753 579 1796 cuius
612 1754 693 1797 boc
722 1756 941 1812 proprium
975 1753 1044 1806 sit,
1072 1760 1117 1795 ut
1144 1768 1232 1795 rem
1260 1753 1341 1795 iam
1375 1754 1544 1796 aliunde
1571 1762 1709 1796 notam
1729 1740 1828 1797 esse⁴
1851 1754 2075 1811 significet.
2116 1752 2203 1795 Ne-

269 1845 352 1887 que
378 1831 515 1875 minus
545 1833 640 1877 fieri
673 1840 827 1891 potest,
859 1840 905 1877 ut
929 1832 1048 1890 prius
1079 1846 1233 1876 nomen
1252 1847 1346 1875 cum
1374 1832 1554 1876 articulo
1572 1841 1765 1890 ponatur,
1792 1836 1810 1873 ὁ
1840 1831 2050 1884 ἅνθρωπος,
2079 1832 2200 1889 quasi

270 1910 324 1953 de
353 1918 469 1965 noto,
498 1912 653 1956 deinde
686 1919 825 1956 autem
855 1910 1023 1954 maioris
1041 1910 1359 1968 perspicuitatis
1388 1925 1515 1954 causa
1543 1911 1666 1954 etiam
1699 1912 2071 1955 demonstrativum
2106 1926 2201 1969 pro-

269 2004 420 2034 nomen
452 1992 647 2046 addatur,
679 1994 798 2049 οὗτος,
827 2005 978 2047 nempe
1011 1991 1047 2033 is
1081 2006 1205 2048 quem
1241 1998 1510 2047 praesentem
1537 1991 1656 2034 vides
1689 2000 1760 2034 aut
1791 1991 1870 2033 iam
1899 1998 1995 2034 aute
2017 2006 2201 2034 comme-

269 2078 474 2113 moratum
512 2070 810 2126 meministis).
881 2072 1022 2126 Atque
1062 2070 1187 2112 etiam
1230 2070 1271 2112 in
1317 2070 1528 2126 primitiva
1577 2071 1639 2113 rei
1676 2070 2033 2113 demonstratione
2074 2071 2201 2114 simul

268 2164 419 2192 nomen
460 2164 554 2192 cum
582 2150 760 2191 articulo
791 2156 833 2190 et
868 2163 1101 2205 pronomen
1134 2162 1344 2204 usurpare
1372 2148 1490 2200 licet,
1528 2151 1640 2192 velut
1666 2151 1718 2192 de
1747 2149 1933 2201 homine,
1974 2150 2045 2207 qui
2086 2165 2200 2194 nunc

455 2269 496 2311 6)
523 2270 566 2302 De
590 2270 712 2302 constr.
738 2268 774 2305 11,
801 2270 821 2300 5
846 2276 876 2309 p.
898 2268 969 2305 100,
994 2269 1014 2299 5
1038 2269 1070 2300 et
1096 2269 1146 2300 15.
1177 2276 1207 2300 e.
1230 2269 1251 2300 6
1276 2277 1306 2308 p.
1330 2269 1402 2307 ¹05,
1424 2270 1485 2301 20.

458 2320 499 2363 7)
524 2322 613 2354 Haec
635 2321 812 2363 applicatio
836 2321 963 2352 articuli
986 2321 1018 2352 in
1043 2328 1166 2360 graeca
1192 2321 1318 2361 quidem
1344 2322 1454 2361 lingua
1482 2323 1515 2354 et
1539 2324 1570 2354 iu
1599 2323 1845 2354 romanensibus
1867 2325 1929 2362 iis,
1961 2332 2046 2364 quae
2080 2325 2200 2357 decur-

265 2379 344 2410 tatis
367 2378 568 2418 pronominis
591 2376 838 2408 demonstrativi
862 2375 975 2406 formis
1001 2382 1059 2414 pro
1086 2375 1235 2406 articulis
1257 2377 1408 2412 utuntur,
1433 2378 1477 2407 ita
1503 2377 1547 2411 tit.
1574 2379 1606 2408 ut
1630 2378 1854 2415 praemittatur
1878 2380 2000 2409 nomini
2024 2379 2200 2409 articulus:

266 2430 340 2463 sunt
365 2431 473 2462 tamen
498 2429 586 2462 aliae
608 2428 766 2469 quaedam
795 2430 824 2460 in
849 2428 963 2468 quibus
991 2426 1216 2469 postponitur,
1248 2427 1335 2460 velut
1369 2429 1400 2461 in
1433 2428 1645 2461 vaiachorum
1678 2436 1842 2463 sermone.
1891 2429 1969 2464 Nam
2003 2438 2096 2471 quum
2133 2430 2204 2464 ltaii

266 2477 429 2520 ¹’uomo‚
452 2485 488 2515 ia
512 2485 682 2516 semina.
709 2483 794 2514 Galli
815 2482 1015 2517 i'nomme,
1036 2482 1072 2512 la
1099 2482 1243 2513 femme
1270 2483 1390 2514 dicant.
1416 2483 1545 2513 vaiaciii
1569 2485 1682 2513 contra
1707 2485 1878 2520 omo-iu,
1897 2486 2104 2517 famei-ie.
2135 2487 2203 2518 Non

263 2538 422 2571 absimilis
438 2538 583 2572 varietas
599 2538 650 2570 est
667 2537 698 2568 iu
716 2536 835 2576 linguis
856 2535 1068 2575 germanicis·
1108 2533 1173 2567 Nos
1200 2534 1337 2569 dicimus
1360 2536 1428 2568 der
1451 2535 1599 2573 Knabe‚
1625 2535 1697 2567 das
1725 2535 1946 2575 Miidclieu,
1971 2537 2070 2571 Sueci
2095 2540 2202 2572 autem

265 2599 421 2630 gessen
449 2590 534 2629 (Le.
553 2599 676 2627 grosse
705 2589 803 2631 bau)
823 2591 855 2621 et
879 2590 1038 2621 riickan
1064 2586 1106 2630 (i.
1122 2596 1152 2620 e.
1178 2589 1316 2621 t'licka
1341 2589 1455 2630 hon).

449 2642 490 2686 8)
517 2645 702 2677 Huiusmodi
726 2644 844 2684 duplet
869 2643 914 2674 rei
940 2643 1147 2682 designatio,
1187 2644 1371 2683 praemisso
1403 2646 1457 2674 aut
1489 2643 1709 2681 subsequente
1733 2646 1926 2683 pronomine
1958 2648 2057 2678 etiam
2086 2655 2201 2679 nomen

265 2699 371 2738 ipsum
401 2705 472 2730 cum
497 2697 636 2730 articulo
657 2704 830 2738 usurpans.
858 2703 1003 2734 graecae
1026 2696 1160 2736 linguae
1184 2697 1316 2738 propria
1341 2697 1404 2727 est.
1452 2695 1568 2727 Noster
1584 2697 1669 2727 enim
1696 2704 1806 2729 sermo
1831 2700 2028 2731 vernaculus
2046 2701 2122 2742 post
2144 2701 2203 2732 de-

264 2752 510 2782 monstrativum
535 2758 715 2790 pronomen
740 2757 855 2782 nomeu
879 2750 982 2780 solum
1010 2751 1084 2781 sine
1111 2750 1248 2780 articuio
1272 2750 1373 2788 ponit,
1399 2748 1545 2779 dieser
1574 2749 1714 2788 Manu,
1754 2759 1817 2782 non
1846 2753 1995 2785 dieser
2019 2751 2203 2794 (namiicb)

264 2802 340 2835 der
360 2802 487 2836 Manu.
531 2803 688 2836 Similiter
714 2803 845 2844 liuguae
862 2808 1090 2840 romanenses,
1114 2800 1251 2842 quest’
1276 2808 1388 2833 uomo
1413 2808 1474 2832 non
1501 2803 1650 2841 questo
1675 2802 1843 2839 i’noino.
1870 2807 1930 2839 cet
1958 2806 2115 2839 homme
2141 2814 2203 2839 non

264 2856 368 2887 celui
393 2855 592 2889 i'bomme.
640 2857 696 2889 Sie
718 2857 833 2894 semei,
859 2863 920 2887 uon
944 2856 1004 2893 bis,
1028 2858 1062 2887 ut
1088 2863 1108 2886 a
1135 2856 1282 2892 Graecis,
1307 2855 1400 2886 tiomo
1423 2855 1675 2887 demonstratur.
