2493 3237
1225 229 1268 277 S

273 366 455 422 primum
488 366 530 408 in
571 371 847 421 conspectum
883 363 998 404 venit
1027 379 1166 420 neque
1203 372 1300 406 ante
1333 373 1405 407 aut
1438 374 1792 410 commemoratus
1833 373 1905 409 aut
1933 367 1984 408 ab
2015 366 2211 410 auditore

272 451 531 501 conspectus
560 451 657 496 est,
696 441 781 484 dici
818 447 960 496 potest
985 439 1091 487 οὗτος
1117 444 1137 481 ὁ
1163 441 1363 492 &vacantes-
1387 453 1460 485 aut
1482 471 1503 492 o
1535 451 1731 501 dmm
1762 444 1870 495 οὗως
1897 448 2096 493 κάλλιστός
2121 449 2210 497 ἐστι,

275 524 318 567 in
351 538 436 581 quo
461 522 584 565 etiam
614 520 819 563 articulus
851 518 943 561 sive
965 518 1139 562 brevior
1171 520 1306 563 forma
1329 521 1607 577 pronominis,
1636 520 1827 578 quamvis
1849 518 2078 577 praecipue
2096 535 2210 562 men-

275 604 344 645 tali
379 609 537 644 tantum
569 598 920 642 demonstrationi
953 597 1206 651 inserviens,
1240 599 1565 657 haudquaquam
1597 608 1738 643 tamen
1771 599 1932 656 primae
1948 599 2208 643 demonstra-

274 681 399 723 tionis
432 679 630 721 facultate
670 691 848 734 prorsus
882 677 1115 720 destitutus
1150 678 1288 721 videri
1327 678 1476 735 possit.
1540 678 1631 721 Nisi
1672 680 1767 736 quis
1798 678 1878 722 vim
1919 679 2085 723 articuli
2112 694 2207 722 ana·

276 760 490 816 phoricam
516 757 559 798 in
576 756 819 798 huiusmodi
836 757 1046 813 exemplis
1073 771 1164 799 eam
1198 772 1295 799 esse
1318 758 1448 810 malit,
1479 765 1524 800 ut
1541 758 1713 814 generis
1733 758 1896 811 saltem,
1928 758 2041 814 quod
2059 772 2211 802 nomen

275 840 443 890 indicat,
478 837 691 879 notionem
720 843 765 877 ut
795 849 874 877 non
909 836 1093 890 ignotam
1126 837 1309 878 auditori
1348 837 1389 878 in
1419 845 1602 878 mentem
1634 844 1823 877 revocet.
1887 837 2003 893 Quid
2035 837 2211 880 autem?

275 932 412 960 nonne
448 915 574 959 etiam
614 914 728 957 nullo
766 913 1101 957 demonstrativo
1143 916 1393 971 pronomine
1433 916 1577 958 addito
1619 915 1830 957 hominem
1871 928 1983 955 nunc
2024 916 2204 971 primum

275 1003 553 1052 conspectum
588 1007 726 1050 neque
758 999 854 1034 ante
887 1002 1263 1038 commemoratum
1298 995 1640 1038 demonstrantes
1671 992 1850 1036 articulo
1881 992 1941 1035 uti
1968 1007 2210 1048 possumus,

274 1082 294 1122 ὸ
316 1076 515 1129 ἄνθρωπος
539 1075 739 1119 κάλλιστός
764 1075 852 1124 ἐστι,
877 1070 1050 1126 1101110,
1066 1072 1157 1115 scil.
1174 1074 1244 1130 qui
1265 1074 1401 1128 adest,
1417 1072 1813 1131 pulcherrimus
1833 1071 1949 1115 est?
1972 1071 2106 1128 Negat
2122 1072 2213 1128 qui-

276 1156 372 1197 dem
405 1149 670 1209 Apollonius,
701 1147 755 1189 de
788 1155 945 1191 constr.
976 1149 1015 1201 1,
1053 1149 1103 1192 19
1131 1165 1172 1208 p.
1190 1150 1262 1205 455,
1291 1152 1346 1195 26
1378 1167 1466 1210 sq.‚
1499 1151 1721 1196 articulum
1746 1151 1808 1195 sic
1838 1150 2058 1209 usurpari:
2093 1160 2114 1206 ἦ
2147 1157 2213 1201 ⁷05

276 1234 423 1283 ‹2‘939012
456 1233 677 1282 παράβεσις,
703 1228 852 1283 inquit,
880 1226 931 1265 ἓν
957 1231 1122 1280 ἰδίωμα
1140 1228 1308 1280 ἔχει,τὴν
1323 1232 1394 1269 τῶν
1407 1230 1534 1281 τρίτων
1545 1230 1748 1281 moschum
1767 1228 2210 1279 ἀναπόλησιν,ε’ναν-

280 1319 454 1357 „dnum-v
480 1312 588 1360 δ’ἔχει
615 1312 654 1350 τὸ
681 1313 736 1350 ὑπ’
775 1310 865 1359 ι’)’ψιυ
898 1308 1290 1359 παραλαμβανόμενον
1321 1307 1533 1356 πρόσωπονς
1570 1301 1646 1343 Sed
1674 1315 1756 1357 quo
1772 1300 1867 1342 lure
1883 1308 2009 1357 neget
2034 1302 2212 1358 ambigo-

281 1393 411 1433 Velut
440 1389 482 1430 in
511 1387 814 1442 epigrammate
844 1383 1067 1426 Leonidae
1099 1380 1339 1433 Tarentini,
1370 1381 1542 1423 Anthol.
1575 1381 1665 1422 Pal.
1698 1380 1776 1432 vl,
1800 1379 1909 1421 293:
1936 1381 1957 1418 ὁ
1980 1383 2132 1429 σκήπωυ
2150 1381 2215 1423 καὶ

280 1478 397 1516 ταῦτα
425 1474 470 1513 τὰ
494 1471 663 1521 madum,
689 1470 819 1508 πότνια
843 1469 971 1517 Κύπρι,
997 1464 1169 1518 ἄγκειται
1195 1488 1243 1493 —
1262 1459 1362 1515 qnid
1377 1460 1491 1502 aliud
1509 1466 1575 1502 est
1605 1463 1624 1501 ὁ
1651 1462 1803 1507 σκήπων
1820 1472 1943 1514 quam
1966 1457 2048 1499 hic
2066 1474 2212 1515 quem
2258 1448 2260 1452 ·

282 1546 432 1590 vides
465 1539 673 1597 scipio?
704 1537 819 1596 quod
846 1536 984 1595 potuit
1011 1536 1137 1579 etiam
1164 1535 1248 1579 dici
1279 1535 1386 1586 οὗτος
1410 1541 1429 1579 ὁ
1463 1541 1634 1589 animum,
1671 1536 1832 1594 pariter
1859 1543 1986 1593 atque
2017 1543 2136 1582 ταῦτα
2169 1540 2215 1581 τὰ

278 1629 446 1679 pauzona.
502 1620 613 1662 Item
644 1618 687 1660 in
720 1615 953 1659 Simonidis
986 1615 1310 1673 epigrammate,
1343 1616 1384 1658 ib
1418 1630 1484 1658 no.
1502 1615 1611 1659 214:
1636 1617 1728 1666 Φημὶ
1744 1618 1871 1658 Γέλων’
1893 1619 2046 1670 Ἱέρωνα
2058 1623 2214 1671 Πολύζη-

278 1715 344 1745 λον
369 1705 651 1755 Θρασύβουλον,
680 1706 817 1746 παῖδας
841 1703 1092 1750 Δεινομένευς,
1124 1700 1187 1738 τὸν
1215 1701 1345 1749 τρίποδ’
1380 1701 1605 1750 (inpensum,
1656 1695 1935 1754 negabiturne
1968 1716 2031 1739 τον
2063 1701 2213 1751 τρίποδα

280 1780 521 1836 significare
554 1778 690 1817 hunc
731 1775 820 1830 qui
856 1775 943 1815 hic
985 1775 1198 1829 positus
1239 1782 1321 1815 est
1357 1774 1666 1830 tripodem?
1705 1777 1794 1817 Aut
1832 1775 1873 1816 in
1915 1776 2083 1831 Anytae
2126 1775 2213 1833 epi—

279 1865 535 1917 grammate,
579 1855 621 1897 ib
654 1868 723 1896 no.
754 1854 859 1896 153:
886 1855 1101 1904 Βουχαυδὴς
1128 1856 1148 1894 ὁ
1175 1856 1293 1905 λέβης,
1317 1855 1337 1893 ὁ
1365 1854 1403 1894 δὲ
1426 1855 1505 1899 θεὶς
1532 1856 1756 1905 Ἐριασπέδα
1782 1856 1872 1903 υἱός,
1900 1867 2037 1896 nonne
2067 1859 2088 1896 ὁ
2110 1860 2216 1910 λέβης

281 1939 393 1982 idem
428 1934 640 1993 significat
672 1932 786 1990 quod
814 1931 920 1980 οὗτος
945 1935 969 1973 ο“
1002 1937 1132 1983 λέβηςῖ
1170 1931 1371 1973 Poteram
1406 1929 1648 1972 huiusmodi
1690 1932 1819 1973 multa
1851 1932 2008 1975 afferre
2038 1935 2074 1976 si
2106 1952 2214 1992 opus

281 2015 476 2072 esset9);
512 2013 555 2056 in
593 2012 747 2070 quibus
786 2010 823 2053 si
859 2010 952 2068 quis
994 2009 1176 2054 fortasse
1211 2008 1371 2052 dixerit
1408 2008 1625 2065 pertinere
1662 2009 1885 2054 articulum
1925 2012 1978 2055 ad
2011 2015 2212 2061 omissum

281 2099 459 2139 alterum
490 2094 742 2145 membrum,
775 2091 890 2132 velut
916 2086 955 2137 ὃς
983 2094 1132 2144 πάρεστι
1163 2096 1236 2132 aut
1268 2089 1351 2131 tale
1378 2087 1493 2145 quid,
1526 2089 1638 2145 quod
1662 2089 1788 2132 tacita
1813 2090 2068 2147 cogitatione
2091 2096 2214 2140 facile

281 2173 472 2233 suppleri
504 2171 664 2230 possit,
706 2171 818 2212 hunc
854 2184 933 2226 ego
973 2168 1072 2225 quid
1109 2168 1222 2211 dicat
1258 2168 1398 2226 ipsum
1442 2182 1524 2212 non
1555 2168 1658 2212 satis
1697 2168 1810 2213 scire
1842 2170 2038 2214 dixerim.
2100 2175 2216 2219 Nun-

281 2270 404 2312 quam
435 2253 547 2295 enim
586 2250 689 2292 illud
732 2248 867 2290 omitti
902 2256 944 2289 et
976 2248 1262 2305 supplendum
1305 2248 1485 2304 relinqui
1528 2249 1759 2303 potuisset,
1811 2249 1889 2292 nisi
1934 2249 1976 2292 in
2008 2251 2102 2308 ipso
2133 2254 2214 2299 iam

282 2334 462 2377 articulo
480 2332 585 2373 haec
610 2330 672 2372 vis
689 2328 865 2380 inesset,
884 2334 1060 2383 propter
1076 2340 1200 2382 quam
1219 2326 1430 2369 eiusmodi
1445 2327 1751 2383 supplementis
1769 2329 2045 2384 supersederi
2064 2334 2214 2388 potuit.

479 2408 823 2463 Haudquaquam
854 2405 983 2462 igitur
1009 2412 1243 2461 peccarunt
1263 2404 1400 2447 Stoici
1429 2405 1650 2448 articulum
1682 2406 1725 2448 in
1757 2406 1906 2450 eadem
1939 2422 2034 2450 cum
2064 2424 2218 2467 prono-

284 2491 464 2534 minibus
506 2495 627 2544 parte
665 2485 869 2528 orationis
905 2493 1136 2542 ponenteS,
1170 2500 1250 2527 nec
1293 2484 1567 2527 dubitandum
1595 2493 1661 2528 est
1693 2486 1793 2541 quin
1827 2486 1878 2528 ad
1908 2487 2217 2534 defendendam

464 2675 504 2720 9)
527 2677 639 2710 obiter
662 2677 858 2709 mentionem
883 2675 997 2709 facere
1026 2675 1104 2708 ubet
1139 2674 1285 2709 foederis
1303 2673 1469 2714 Eleorum,
1499 2675 1531 2707 111
1561 2673 1657 2717 corp.
1683 2674 1785 2708 Inscr.
1810 2683 1864 2710 no.
1890 2678 1948 2717 tt,
1996 2679 2089 2711 culus
2121 2687 2218 2721 prae·

282 2736 424 2776 scriptio
453 2728 474 2764 ἆ
498 2730 631 2772 Γράτρα
655 2731 729 2769 τοῖς
755 2727 909 2769 naasion·
933 2726 992 2761 καὶ
1016 2731 1089 2767 τοῖς
1112 2724 1341 2770 ἨρΙ-ἀοίοις,
1372 2730 1448 2761 ltem
1465 2736 1529 2761 non
1553 2730 1651 2763 vldeo
1675 2730 1749 2769 qnid
1774 2730 1964 2769 significare
1988 2732 2107 2773 possit,
2122 2740 2216 2773 quam

283 2791 382 2823 naec
406 2793 505 2827 qnae
527 2786 637 2818 turra
660 2784 825 2826 scripta
849 2785 917 2817 est
940 2784 1096 2826 pactio.
1145 2782 1223 2815 Nam
1250 2783 1390 2816 dativum
1406 2791 1465 2825 pro
1487 2785 1634 2823 genmvo
1660 2784 1694 2816 et
1716 2784 1873 2816 omissum
1896 2785 2027 2818 verbum
2045 2783 2118 2818 ἐστί
2141 2788 2219 2822 1111111

286 2841 482 2876 offensionis
499 2839 620 2871 habere
637 2845 748 2879 spero.
774 2836 839 2870 Cur
855 2835 887 2876 οἳ,
911 2845 982 2870 cum
1005 2844 1127 2878 aspero
1144 2837 1280 2878 spirutu,
1305 2843 1380 2874 non,
1397 2836 1431 2869 ut
1451 2836 1638 2871 Boeckhlns
1655 2837 1743 2877 011111,
1761 2832 1783 2869 α’
1805 2838 2011 2871 scribendum
2028 2841 2222 2882 putaverim,

281 2903 448 2939 exponere
473 2893 570 2926 hodie
593 2892 719 2931 quidem
745 2899 808 2925 non
832 2899 916 2933 opus
940 2893 1005 2924 est.
