2493 3237
1235 230 1276 277 5

289 361 423 403 altero
454 370 609 416 autem,
640 363 710 420 qui
741 366 995 410 ὺποσακτικός.
1013 377 1050 405 s.
1080 362 1387 420 postpositivus
1419 371 1506 417 est,
1540 365 1662 422 longe
1695 379 1718 406 a
1750 379 1854 407 vero
1887 365 2059 406 aberrat
2084 377 2223 420 eoque

290 440 493 496 adigitur,
531 451 576 485 ut
614 444 725 486 hunc
759 444 802 486 in
840 444 968 486 certis
1007 450 1167 485 tantum
1203 450 1444 486 structurae
1480 445 1627 487 formis
1662 445 1886 487 articulum
1916 443 2064 485 haberi
2091 457 2219 497 posse

290 523 518 575 concedat,
556 524 598 566 in
633 523 727 566 aliis
763 532 902 566 autem
944 538 1027 567 non
1054 523 1193 565 minus
1231 523 1548 579 frequentibus,
1588 540 1692 580 quas
1730 525 1802 580 qui
1840 538 1981 566 veram
2015 523 2220 565 rationem

288 602 580 658 perspexerit,
613 602 934 658 haudquaquam
973 600 1132 644 diversi
1159 600 1331 657 generis
1363 616 1461 644 esse
1492 602 1717 659 intelligat,
1755 602 1848 658 ipse
1880 616 1964 644 non
1996 600 2122 644 modo
2156 615 2219 642 ar-

289 679 406 723 ticuli
439 694 589 723 nomen
620 680 658 722 ei
688 680 915 723 convenire
943 688 1084 737 neget,
1114 679 1190 722 sed
1216 693 1268 721 ne
1287 679 1336 723 in·
1350 680 1667 737 pronominibus
1684 680 1854 737 quidem
1878 695 1974 723 eum
2008 687 2218 723 numeret.

289 757 462 815 Quippe
494 756 743 815 pronomina
774 773 854 801 non
887 758 967 801 alia
1005 757 1088 801 dici
1119 758 1227 810 vult,
1270 772 1393 815 quam
1427 758 1666 815 personalia
1700 766 1743 801 et
1774 758 2127 811 demonstrativa,
2175 757 2215 799 in

286 850 394 893 quae
426 837 517 878 sola
547 836 738 879 definitio
773 838 823 879 ab
849 837 942 895 ipso
981 836 1200 895 proposita
1242 836 1377 891 cadit,
1423 851 1549 894 quum
1581 842 1819 893 ἀντωνυμίαυ
1847 852 1943 880 esse
1976 837 2081 879 dicit
2118 843 2217 890 λέξιν

281 914 362 961 ἄντ’
396 914 577 962 ὀνόμαφος
612 915 861 962 προσώπων
895 914 1165 963 ὡρισμένων
1197 915 1496 962 παραστατικήν,
1533 915 1712 963 διάφορον
1753 916 1850 954 κατὰ
1882 917 1946 961 τὴν
1978 916 2116 953 πτῶσιν
2150 914 2215 951 καὶ

283 990 459 1039 ἀριὲμόν,
485 987 543 1028 ὅτε
567 989 633 1028 καὶ
658 991 794 1040 γένους
818 990 893 1028 ἐστὶ
927 989 1027 1028 κατὰ
1054 991 1118 1035 τὴν
1145 989 1272 1037 φωνὴν
1297 990 1632 1039 ἀπαρὲμφατοςῧ)τ
1663 994 1810 1042 estque
1841 1001 1943 1028 sane
1971 986 2077 1027 baec
2109 983 2214 1026 defi-

283 1064 385 1108 nitio
418 1064 648 1118 eiusmodi,
682 1072 747 1118 ut,
787 1080 913 1121 quum
945 1063 1165 1107 indefinita
1192 1063 1439 1120 pronomina
1473 1064 1695 1117 excludat,
1735 1065 1858 1108 etiam
1887 1065 1966 1108 hos
1993 1063 2212 1115 articulos,

283 1159 388 1200 quos
414 1150 584 1186 veteres
612 1149 897 1196 ὑποτακτικούς,
923 1158 1001 1185 nos
1023 1143 1199 1185 relativa
1230 1143 1477 1199 pronomina
1503 1143 1697 1198 dicimus,
1731 1145 1798 1186 ubi
1832 1159 1913 1186 non
1947 1151 2088 1186 certas
2108 1142 2213 1184 defi-

282 1222 475 1277 nitasque
506 1236 578 1263 res
606 1230 677 1263 aut
710 1235 913 1276 personas
945 1221 1181 1277 designant,
1214 1221 1254 1261 in
1283 1221 1600 1276 pronominibus
1627 1222 1770 1263 haberi
1816 1230 1945 1263 vetet.
2007 1221 2099 1262 Non
2142 1234 2210 1261 ne-

282 1315 404 1342 cesse
422 1307 488 1341 est
505 1300 586 1341 hoc
618 1301 711 1341 loco
726 1300 846 1341 istam
868 1299 1129 1355 pronominis
1158 1299 1446 1341 definitionem
1469 1308 1515 1341 ut
1542 1300 1663 1341 nimis
1682 1309 1898 1356 angustam
1933 1300 2211 1354 redarguere,

281 1394 362 1435 qua
391 1380 445 1420 de
476 1394 524 1420 re
550 1394 676 1434 quum
706 1380 756 1419 ab
789 1378 881 1419 aliis
912 1386 999 1419 tum
1033 1393 1057 1419 a
1089 1393 1155 1419 me
1184 1378 1278 1433 ipso
1306 1378 1409 1419 satis
1447 1379 1605 1420 dictum
1635 1389 1700 1420 est
1724 1380 1764 1420 in
1792 1380 1900 1421 libro
1928 1379 1983 1420 de
2019 1379 2210 1433 partibus

279 1457 482 1501 orationis
519 1472 654 1513 nuper
685 1456 800 1499 edito
834 1471 872 1512 p.
893 1458 967 1498 121
1001 1472 1092 1513 sqq.
1155 1456 1277 1499 Nunc
1314 1465 1453 1500 autem
1496 1458 1576 1500 hoc
1608 1466 1763 1500 tantum
1799 1457 2002 1499 dicimus:
2041 1456 2206 1499 etiamsi

279 1536 373 1592 quis
418 1535 706 1577 definitionem
763 1524 873 1576 illam
921 1536 1073 1590 probet
1122 1535 1360 1591 meritoque
1407 1536 1697 1578 subiunctivos
1746 1535 1838 1578 illos
1888 1536 2115 1587 articulos,
2173 1535 2208 1576 si

277 1615 443 1672 quando
473 1614 715 1656 indefinitas
747 1628 817 1655 res
850 1621 921 1655 aut
952 1627 1157 1669 personas
1189 1613 1425 1670 designent,
1456 1628 1479 1656 a
1513 1614 1828 1671 pronominibus
1861 1614 2077 1657 seiunctos
2109 1628 2208 1655 esse

275 1694 497 1751 largiatur,
544 1692 875 1749 praepositivum
911 1692 1058 1734 saltem
1095 1692 1317 1735 articulum
1356 1693 1470 1736 nulla
1514 1694 1616 1736 satis
1654 1693 1774 1735 firma
1807 1693 1969 1736 ratione
2000 1694 2051 1735 ab
2093 1692 2206 1735 omni

274 1773 567 1830 pronominum
596 1772 811 1814 consortio
838 1772 900 1813 sic
931 1778 978 1813 ut
1009 1772 1060 1813 ab
1093 1772 1317 1828 Apollonio
1357 1773 1511 1814 factum
1542 1780 1608 1814 est
1641 1773 1810 1815 excludi
1855 1786 1994 1830 posse.
2069 1773 2205 1814 Inter-

276 1866 372 1894 esse
403 1851 514 1893 inter
548 1851 793 1907 pronomina
826 1858 869 1892 et
896 1850 1117 1892 articulum
1154 1851 1234 1893 hoc
1275 1850 1399 1904 dicit,
1450 1858 1496 1893 ut
1535 1851 1604 1893 illa
1645 1851 1813 1909 quidem
1847 1859 1985 1894 certas
2024 1865 2093 1893 res
2133 1858 2205 1893 aut

274 1944 480 1987 personas
506 1929 836 1970 demonstrando
865 1929 1101 1985 designent,
1133 1930 1335 1971 articulus
1365 1937 1504 1971 autem
1538 1931 1601 1971 rei
1637 1939 1780 1972 certae
1804 1938 1930 1987 atque
1963 1931 2043 1972 iam
2080 1938 2204 1972 notae

273 2009 569 2065 cogitationem
616 2008 657 2048 in
705 2007 887 2049 animum
930 2014 1106 2049 revocet
1151 2022 1185 2048 s.
1218 2008 1402 2050 referat:
1455 2009 1621 2051 illorum
1662 2019 1790 2063 δεῖξιν,
1839 2010 1963 2055 huius
2000 2018 2202 2067 ἀναφορὰν

272 2086 486 2145 propriam
527 2101 646 2137 esse3
688 2085 751 2127 sic
783 2085 892 2127 enim
928 2100 1018 2127 eam
1057 2085 1182 2139 dicit,
1222 2101 1344 2142 quam
1378 2101 1455 2129 nos
1489 2103 1583 2130 cum
1617 2088 1837 2132 Prisciano
1885 2091 2200 2134 relationem

270 2166 471 2219 dicimus,
518 2165 580 2207 rei
618 2165 699 2207 iam
739 2173 861 2207 notae
893 2164 1114 2220 repetitam
1143 2164 1233 2206 sive
1269 2174 1627 2221 repraesentatam
1652 2168 1694 2209 in
1734 2168 1870 2210 animo
1910 2169 2200 2221 notionem-U.

275 2244 525 2301 oppositam
557 2243 795 2299 anaphorae
828 2242 1228 2284 demonstrationem
1258 2256 1349 2284 eam
1377 2251 1535 2286 tantum
1564 2245 1799 2301 intelligere
1817 2262 2059 2301 possumus,
2092 2264 2202 2303 quae

271 2339 360 2367 rem
393 2338 475 2366 non
500 2322 580 2365 iam
609 2330 705 2364 ante
733 2328 870 2364 notam
900 2335 1011 2364 nunc
1040 2319 1219 2376 primum
1248 2321 1430 2364 auditori
1463 2331 1602 2365 notam
1636 2323 1779 2377 saciat,
1818 2325 1910 2378 vel,
1951 2334 1998 2368 ut
2035 2328 2201 2383 planius

461 2408 503 2454 3)
530 2410 573 2443 De
596 2417 742 2452 pronom.
766 2417 796 2453 p.
813 2409 866 2444 10.

459 2463 499 2504 4)
524 2465 569 2497 De
593 2466 717 2496 constr.
739 2466 766 2503 1,
783 2466 803 2497 ὃ
829 2473 859 2506 p.
876 2460 1081 2497 26;”Εστιν
1106 2454 1170 2494 οὖν
1195 2461 1285 2495 ἴδιον
1311 2461 1453 2506 ἄρθρου
1478 2462 1500 2506 ἡ
1524 2460 1697 2505 ἅναφορά,
1723 2463 1745 2506 ἥ
1769 2463 1839 2497 ἐστι
1863 2468 2201 2512 προκατειλεγμένου

270 2517 364 2564 (addi
392 2520 520 2561 poterat
538 2514 562 2561 ἢ
577 2516 893 2562 προεγνωσμένου)
911 2514 1107 2559 προσώπου
1125 2516 1375 2560 παραστατική.
1414 2518 1459 2551 lb.
1475 2526 1505 2552 c.
1522 2520 1541 2551 7
1559 2526 1590 2561 p.
1608 2519 1669 2552 29:
1697 2516 1736 2551 τὸ
1753 2515 1893 2560 ἄρθρον
1914 2522 2203 2563 προϋφεστῶσαν

268 2574 398 2615 γνῶσιν
427 2571 537 2613 δηλοῖ.
586 2572 628 2610 ΙΙ,
658 2573 679 2603 3
707 2572 809 2613 p.98,
834 2573 893 2604 25:
925 2569 1051 2613 ἰδίωμα
1078 2566 1259 2612 ἀναφορᾶς
1291 2570 1625 2614 προκατειλεγμένου
1657 2571 1853 2612 προσώπου
1884 2572 2027 2614 δευτέρα
2059 2577 2200 2619 γνῶσις.

271 2626 314 2658 De
339 2633 431 2668 pron.
457 2633 488 2667 p.
507 2625 566 2659 16:
590 2621 613 2668 ἡ
639 2625 713 2658 τῶν
736 2620 886 2667 ἄρθρων
911 2622 1065 2667 σημασία
1089 2620 1251 2665 ἀλλοτρία
1267 2621 1404 2664 δείξεως
1425 2622 1655 2668 καθέστηκεν.
1681 2623 1923 2670 ἐπαγγέλλεται
1947 2624 1983 2660 δὲ
2000 2622 2200 2670 α’ναωοράν,

270 2676 289 2709 ὅ
316 2676 387 2710 ἐστι
410 2676 704 2720 ἄναπολούμενον
731 2677 932 2718 πρόσωπον
998 2679 1041 2711 lb.
1064 2676 1101 2709 αἱ
1122 2674 1339 2718 α’ντωνυμίαι
1368 2694 1402 2699 -
1421 2679 1554 2720 γνῶσιν
1578 2677 1726 2721 πρώτην
1750 2678 2020 2724 ἐπαγγέλλονται
2046 2699 2083 2704 -
2100 2681 2141 2713 τὰ
2166 2681 2200 2713 ὁὲ

268 2726 384 2773 ἄρθρα
407 2728 572 2773 δευτέραν
594 2733 725 2775 γνῶσιν
756 2730 929 2775 σημαίνει.
962 2732 1011 2766 Cf.
1029 2733 1190 2765 Priscian.
1213 2730 1279 2769 XlI,
1303 2733 1331 2769 1,
1354 2733 1392 2763 4:
1417 2732 1658 2766 Demonstratlo
1675 2735 1811 2775 primam
1834 2737 2059 2775 cognitionem
2086 2737 2200 2769 osten·

266 2785 323 2820 dit,
350 2785 466 2816 relatio
490 2792 569 2817 vero
594 2787 770 2818 secundam
795 2788 1018 2825 cognitionem
1043 2787 1221 2825 significat.
1258 2785 1349 2823 XVll,
1374 2788 1405 2822 4,
1430 2786 1489 2817 27:
1515 2787 1680 2818 Articulus
1703 2788 1883 2820 secundam
1909 2790 2055 2821 notitiam
2075 2797 2197 2830 suppo-

264 2837 399 2868 sitorum
429 2837 642 2870 demonstrat.
674 2839 709 2871 Sl
734 2840 818 2871 euim
844 2839 949 2879 dicam
975 2835 1171 2882 ἄνθρωπος
1198 2829 1323 2880 ἦλθεν,
1355 2840 1489 2879 primam
1513 2840 1659 2871 notitiam
1687 2840 1847 2880 osteud03
1877 2843 1929 2872 sln
1955 2837 1975 2873 ό
1999 2838 2195 2881 ἅνθρωπος

267 2878 388 2929 ἦλθεν,
415 2890 605 2923 secundam.
