2493 3237
278 390 479 432 articulos
507 389 592 432 dici
618 390 706 432 vult
724 376 933 434 eiusmodi
952 392 1176 444 vocabula,
1212 406 1320 449 quae
1337 405 1421 434 non
1441 391 1534 447 ipsa
1549 390 1833 432 membrorum
1848 386 1960 429 inter
1974 401 2023 430 se
2043 387 2207 429 iuncto-

276 483 370 511 rum
402 467 535 511 instar
564 475 683 521 sunt,
721 469 797 511 sed
824 465 925 512 nihil
956 470 1036 513 nisi
1063 471 1348 513 additamenta
1371 470 1577 527 quaedam
1604 477 1648 511 et
1677 466 2009 525 appendiculae‚
2045 471 2092 508 ut
2116 464 2206 522 qui-

275 547 370 590 dem
404 547 486 605 ipsi
520 545 709 598 videtur,
742 548 834 590 aliis
867 550 1081 593 vocabulis
1107 550 1401 593 adhaerentes.

467 655 557 698 Sed
576 669 700 713 quam
718 657 840 715 longe
856 672 880 701 a
897 673 999 701 vera
1015 666 1059 702 et
1075 658 1258 716 genuina
1273 658 1435 702 ratione
1450 654 1699 714 Apollonius
1738 653 2030 708 abhorruerit,
2062 666 2119 695 ex
2152 650 2205 694 iis

275 735 456 778 maxime
485 735 661 792 intelligi
693 744 853 793 potest,
891 753 1000 795 quae
1030 739 1084 781 de
1113 737 1394 796 postpositivo
1427 735 1606 778 articulo
1636 734 1842 791 disputat,
1874 747 1999 790 quem
2032 730 2204 789 quidem

275 829 299 855 a
337 815 620 857 membrorum
653 816 855 859 orationis
887 819 1153 860 connexione
1187 817 1408 859 articulum
1442 815 1599 857 dictum
1637 827 1734 854 esse
1769 819 1852 854 tam
1893 818 2087 868 apertum
2122 816 2204 861 est,

274 900 320 935 ut
352 891 559 936 neminem
588 893 735 937 fallere
766 895 958 952 potuisse
990 896 1198 940 videatur.
1259 895 1319 938 Et
1348 901 1487 937 tamen
1525 900 1598 935 aut
1623 891 1774 934 fefellit
1804 889 2095 947 Apollonium,
2131 894 2205 930 aut

274 971 564 1015 dissimulatur
595 975 801 1017 consulto.
862 975 970 1018 Nam
1003 975 1058 1018 de
1086 982 1243 1018 constr.
1262 975 1310 1027 1,
1335 972 1391 1015 43
1416 986 1457 1029 p.
1480 971 1559 1025 86,
1589 969 1810 1028 proposito
1836 968 2032 1025 exemplo
2060 966 2204 1010 huius·

273 1050 411 1093 modi:
455 1054 673 1105 παρεγένετο
708 1055 728 1094 ὁ
755 1056 1033 1107 γραμματικός,
1065 1052 1108 1102 ὃς
1137 1056 1337 1106 διελέξατο,
1377 1058 1495 1095 recte
1539 1049 1709 1108 quidem
1752 1048 1949 1092 observat
1978 1048 2017 1088 τὸ
2047 1044 2203 1099 ἄρθρον,

274 1130 313 1171 h.
336 1144 374 1171 e.
409 1128 732 1185 postpositivum
765 1129 1009 1183 articulum,
1037 1129 1280 1173 adiunctum
1307 1133 1604 1184 (συνδεδεμένον)
1635 1142 1732 1171 esse
1754 1126 1911 1171 nomini
1929 1119 2200 1183 praecedenti

272 1210 451 1264 eiusque
480 1207 690 1249 notionem
720 1223 799 1264 per
830 1210 1083 1264 anaphoram
1110 1216 1337 1266 repetere3
1387 1222 1466 1250 nec
1495 1208 1633 1250 minus
1660 1214 1800 1260 recte,
1833 1204 2010 1247 eandem
2035 1208 2201 1244 senten-

274 1286 370 1329 tiam
400 1285 524 1329 etiam
558 1287 717 1343 absque
743 1288 823 1330 hoc
849 1288 1027 1331 articulo
1059 1303 1137 1344 per
1162 1287 1500 1331 coniunctionem
1528 1288 1808 1344 copulativam
1838 1282 2049 1327 enuntiari
2075 1293 2202 1338 posse

273 1366 354 1409 hoc
383 1365 533 1409 modo}
577 1369 597 1408 ὁ
624 1369 884 1420 γραμματικὸς
908 1371 1124 1420 παρεγένετο
1141 1370 1213 1409 ’καὶ
1239 1371 1444 1419 διελέξατοξ
1486 1382 1700 1423 quumque
1715 1365 1843 1408 addat
1858 1364 1984 1406 etlam
2002 1375 2086 1404 non
2101 1359 2203 1402 mul-

272 1454 358 1486 tum
405 1443 581 1486 differre
621 1442 787 1485 articuli
825 1451 868 1484 et
901 1443 1229 1497 coniunctionis,
1277 1444 1422 1497 ἅρξιρου
1461 1452 1504 1487 et
1542 1448 1774 1496 συνδέσμου,
1814 1442 2009 1495 nomina,
2052 1441 2092 1482 τὸ
2126 1437 2203 1492 ’γᾶΩ

271 1523 525 1571 συνηρτῆσθαι
551 1520 616 1560 καὶ
643 1521 892 1565 συνδεδέσθαι
918 1520 963 1559 οὐ
985 1520 1139 1570 μακρὰν
1168 1522 1229 1568 τῆς
1253 1521 1490 1571 συνωνυμίας
1515 1524 1691 1570 πέπτωκε,
1727 1522 1821 1578 quis
1850 1536 1933 1565 non
1968 1513 2204 1563 crediderit

270 1602 394 1643 etiam
423 1601 526 1643 illud
552 1602 603 1642 ab
631 1613 682 1642 eo
716 1598 902 1656 perspici
933 1599 1159 1653 debuisse,
1191 1605 1416 1657 utrumque
1447 1614 1599 1643 nomen
1626 1599 1677 1643 ad
1710 1600 1885 1643 eandem
1912 1596 2198 1642 membrorum

271 1679 549 1722 connectendi
580 1679 820 1720 facultatem
855 1679 1096 1736 pertinere,
1135 1686 1178 1720 et
1208 1680 1560 1736 quemadmodum
1593 1682 1643 1722 ab
1669 1694 1814 1722 eorum
1846 1682 2013 1722 συνδέσει
2041 1677 2200 1717 σύνδεσ-

269 1781 362 1812 μον,
385 1760 448 1800 Slc
477 1761 527 1799 ab
559 1773 706 1799 eorum
736 1762 959 1809 συναρτήσει
983 1758 1127 1811 ἄρβρου
1161 1759 1317 1800 (lictum
1353 1760 1486 1801 esse?
1549 1760 1637 1801 Sed
1671 1760 1770 1801 nihil
1806 1757 1954 1799 minus.
2015 1747 2200 1796 ArthUli

270 1841 497 1889 συνάρτησιν
529 1852 609 1879 non
638 1836 680 1878 in
710 1837 992 1878 membrorum
1021 1838 1309 1890 connexione,
1341 1839 1416 1879 sed
1451 1839 1490 1879 in
1517 1853 1569 1880 eo
1600 1846 1758 1879 tantum
1787 1842 1983 1878 constare
2010 1832 2121 1882 vult,
2153 1833 2200 1868 ut

270 1914 425 1958 nomini
460 1929 714 1971 praegresso
757 1929 804 1957 se
843 1914 1063 1970 adiungat,
1085 1928 1089 1931 “
1113 1931 1289 1972 eamque
1324 1918 1377 1958 ob
1417 1932 1609 1969 causam,
1660 1918 1730 1958 ubi
1764 1931 1845 1957 non
1877 1914 1999 1955 adest
2026 1905 2196 1964 aliquod

270 2007 442 2047 nomen,
476 1994 543 2038 cui
577 1993 638 2038 sic
672 2002 717 2038 ut
744 1994 785 2038 in
815 1994 896 2038 isto
929 1995 1126 2051 exemplo
1152 1995 1376 2039 adiunctus
1406 1996 1482 2049 sit,
1515 2013 1568 2039 ne
1593 1997 1757 2039 articuli
1780 1995 1948 2051 quidem
1976 2003 2130 2033 nomen
2156 1984 2197 2027 ei

268 2072 535 2115 tribuendum
571 2079 731 2116 censet.
801 2073 936 2132 lgitur
970 2072 1011 2116 in
1052 2073 1292 2119 huiusmodi
1333 2074 1564 2133 exemplis:
1613 2074 1653 2124 ὃς
1687 2074 1735 2118 ἂν
1760 2075 1866 2128 ἔλθῃ,
1891 2074 2049 2126 μεινάτω
2075 2086 2122 2121 με
2147 2078 2197 2108 ac

269 2154 495 2205 similibus,
530 2154 718 2209 quamvis
752 2154 970 2194 manifesta
1002 2153 1057 2195 sit
1086 2155 1369 2197 membrorum
1401 2169 1478 2212 per
1507 2160 1548 2207 34-
1573 2153 1801 2206 connexio,
1841 2150 1909 2193 ille
1940 2155 2103 2199 tamen,
2142 2143 2197 2186 de

269 2241 426 2274 constr.
453 2233 530 2285 lv,
549 2235 572 2274 1
598 2247 636 2288 p.
656 2233 762 2284 306,
796 2233 897 2274 falsa
931 2247 1005 2274 sua
1039 2233 1205 2276 articuli
1237 2234 1483 2276 definitione
1514 2235 1668 2286 fretus,
1709 2234 1817 2274 hunc
1848 2228 2071 2271 articulum
2098 2237 2196 2265 esse

270 2320 415 2368 negat,
448 2312 546 2369 quia
573 2326 709 2367 neque
742 2311 898 2354 nomini
925 2311 1049 2354 alicui
1082 2328 1129 2354 se
1155 2313 1341 2369 applicet
1376 2329 1513 2370 neque
1547 2314 1798 2369 anaphoram
1828 2311 1867 2350 h.
1891 2324 1929 2349 e.
1957 2302 2196 2362 superioris

269 2391 450 2434 notionis
477 2390 722 2434 relationem
754 2391 926 2444 habeat,
975 2392 1271 2448 vituporatque
1304 2393 1411 2435 hanc
1440 2394 1491 2436 ob
1520 2407 1686 2436 causam
1719 2389 2021 2447 Tryphonem,
2053 2382 2124 2440 qui
2157 2377 2198 2423 gc

266 2471 329 2511 sic
347 2471 387 2511 in
404 2469 521 2511 initio
540 2470 722 2526 poshum
740 2469 963 2511 articulum
981 2474 1223 2523 προτακτικὸν
1255 2469 1426 2512 dixerit.
1467 2475 1572 2518 Τίνος
1603 2473 1679 2524 γὰρ
1710 2471 1901 2519 πτωτικοῦ,
1934 2462 2070 2521 inquit
2114 2489 2197 2522 προ-

266 2549 397 2596 ετάγης
424 2549 498 2589 πῶς
529 2547 566 2584 δὲ
597 2548 634 2584 τὸ
674 2549 836 2584 rotos'rov
873 2544 1034 2596 ἄρθρου,
1071 2547 1142 2584 οὐκ
1171 2548 1386 2585 ἀναπολοῦν
1418 2564 1446 2585 τι
1482 2546 1715 2594 προκείμενον
1748 2542 1886 2593 ὄνομα,
1921 2528 2137 2581 τούνανᾷιόν
2160 2542 2199 2580 δὲ

266 2620 554 2669 ἁοριστού,ιιετ.νου
580 2619 656 2657 κατ’
687 2619 810 2667 ἀρχὴν
837 2621 907 2657 τῶν
933 2620 1078 2669 λόγωνς
1124 2616 1237 2659 Esse
1269 2617 1395 2673 igliur
1421 2618 1461 2665 ὅς
1488 2618 1527 2658 ln
1557 2615 1794 2657 huiusmodi
1830 2613 1934 2655 loclS
1962 2617 2197 2666 ‹ioqmrot'aoe-

269 2716 335 2736 νον
360 2695 489 2745 μόριον
530 2692 778 2746 dicendum,
824 2702 867 2736 et
902 2698 1032 2746 μόριον
1070 2696 1260 2752 quidem,
1291 2711 1371 2739 non
1405 2709 1709 2753 pronomen,
1757 2693 1952 2750 quoniam
1980 2692 2200 2734 indefinita

265 2770 512 2829 pronomina
551 2772 661 2815 nulla
693 2774 892 2830 agnoscit.
957 2774 1162 2818 Similiter
1192 2776 1244 2819 ‹lc
1276 2777 1446 2820 adverb.
1479 2792 1518 2833 p.
1541 2776 1648 2828 532,
1674 2774 1728 2817 in.
1765 2781 1796 2817 εἰ
1827 2780 1901 2828 γὰρ
1929 2777 1980 2828 μὴ
2012 2778 2196 2827 moresca.

263 2846 384 2898 ὄνομα
416 2850 481 2886 τοῦ
511 2851 676 2888 τοιούτου
709 2848 873 2901 diezent),
906 2852 982 2891 οὐδ’
1017 2849 1065 2891 ὃν
1092 2851 1139 2893 ἔτι
1172 2854 1210 2893 τὸ
1235 2850 1377 2904 ἅρβρου
1401 2854 1450 2899 ὡς
1480 2850 1623 2904 ἄρὲρου
1655 2852 1847 2903 υἷκούοιῒῡ,
1884 2852 1932 2897 ὡς
1958 2852 1997 2892 6¹2
2024 2851 2197 2901 ‘2¹'Qffl'702'

263 2918 336 2965 μόρ
350 2934 412 2962 ov,
453 2920 484 2954 εἰ
506 2920 588 2965 τῇδε
612 2920 929 2968 ἀποφαινώμεθα·
960 2917 1007 2963 ὃς
1037 2924 1213 2971 μεθύει,
1250 2923 1506 2961 Βλάπτεται·
1538 2920 1619 2961 ἴσον
1645 2925 1721 2974 γάρ
1747 2926 1821 2963 ἐστι
1851 2925 1916 2973 τῷ·
1959 2925 2004 2966 εἴ
2030 2944 2091 2972 τις
2124 2943 2196 2978 με·
