2493 3237
277 357 372 402 scit.
436 355 642 401 Nimirum
683 355 809 402 huius
846 370 1017 417 quoque
1055 355 1237 403 nominis
1269 355 1621 417 significationem
1663 355 1787 403 nimis
1826 352 2018 414 angustia
2056 352 2211 398 finibus

276 436 490 492 coercuit,
524 451 652 495 quum
684 451 776 480 eam
809 437 979 481 demum
1010 436 1266 495 anaphoram
1298 451 1396 481 esse
1421 436 1543 492 velit,
1578 450 1687 496 quae
1715 441 1883 481 constet
1908 433 1974 479 rei
1998 433 2082 478 iam
2113 442 2211 477 ante

275 517 513 560 nominatae
556 523 629 559 aut
669 517 840 559 aliunde
879 530 963 558 non
1006 517 1176 571 ignotae
1215 517 1441 558 referenda
1476 531 1511 556 s.
1543 517 1778 573 repetenda
1821 514 2009 559 notione.
2078 512 2209 571 Atqui

274 599 475 649 ἀναφοράν
502 594 744 638 meminisse
773 595 954 638 debebat
982 609 1068 638 non
1096 596 1234 638 solum
1264 597 1315 637 ab
1353 595 1491 637 activo
1531 597 1683 648 verbo,
1721 599 1941 649 ἀναφέρειν,
1979 593 2095 651 quod
2126 606 2210 633 re-

275 672 420 716 ferre
450 687 486 716 a.
517 681 769 730 repetere
798 673 1029 731 significat,
1059 673 1137 717 sed
1169 673 1295 717 etiam
1323 689 1349 716 a
1377 672 1548 729 passivo
1574 678 1895 728 despqu.
1914 686 1953 712 e.
1984 671 2209 724 referri,

273 749 624 808 significationem
652 753 823 795 trahere
846 750 1039 810 potuisse
1066 757 1110 795 et
1136 765 1186 795 re
1207 765 1310 797 vera
1335 750 1535 796 traxisse.
1595 749 1765 794 Dicitur
1786 756 1925 794 autem
1947 750 2206 802 ἀναφέρεσθαι

274 831 333 869 ἐπί
356 849 386 871 n
414 829 565 873 eodem
586 844 737 884 sensu,
765 846 849 889 quo
876 830 989 889 apud
1014 830 1193 876 Latinos
1217 830 1421 876 referri
1447 829 1505 874 ad
1532 829 1753 888 aliquam
1779 843 1905 884 rem,
1937 829 1992 873 de
2017 827 2071 871 iis
2095 841 2206 885 quae

273 905 325 947 ad
361 921 453 950 eam
490 924 580 951 rem
620 909 855 966 pertinent,
901 916 1116 966 spectant,
1162 911 1415 967 diriguntur.
1476 908 1552 952 Sic
1590 908 1683 966 ipse
1714 907 1963 965 Apollonius
2001 906 2204 965 loquitur,

274 998 312 1024 e·
340 1000 378 1027 c.
410 986 465 1029 de
494 995 653 1031 constr.
685 989 735 1041 1,
755 988 810 1030 23
832 1002 874 1045 p.
898 988 970 1041 53,
993 988 1071 1031 192
1102 992 1161 1031 ε’πί
1183 1008 1215 1029 τι
1240 990 1462 1041 ἀναφέρεται
1487 990 1684 1040 πρόσωπον
1705 989 1727 1036 ἦ
1752 989 1937 1038 σύνταξις.
1988 985 2103 1029 Hinc
2127 986 2203 1044 igl-

271 1069 363 1118 tur,
395 1079 504 1122 quae
530 1071 747 1124 spectant,
778 1065 1038 1123 referuntur,
1067 1064 1283 1127 pertinent
1320 1063 1372 1108 ad
1409 1062 1588 1122 aliquid,
1626 1064 1691 1112 τὴν
1715 1064 1913 1116 ἀναφορὰν
1937 1062 2035 1115 ἔχειν
2056 1063 2203 1108 dicun·

272 1150 342 1186 tur
372 1149 432 1187 ἐπί
455 1165 504 1196 τι,
545 1146 659 1188 velut
697 1144 740 1187 in
779 1145 1026 1188 definitione
1066 1143 1255 1189 adverbii
1289 1157 1313 1186 a
1347 1143 1465 1186 Julio
1499 1143 1692 1186 Romano
1732 1140 1865 1183 relata
1885 1139 1981 1196 ¹⁸)=
2025 1144 2199 1196 ἐπίρρψιά

271 1226 348 1263 ἐστι
366 1227 477 1275 μέρος
499 1227 618 1277 λόγου
641 1223 794 1265 σ’ἷκλιτου
818 1225 874 1265 ἐπὶ
897 1226 937 1265 τὸ
960 1227 1062 1278 ῥῆμα
1084 1226 1149 1274 τὴν
1172 1223 1372 1274 ἀναφορὰν
1396 1222 1501 1277 ἕχον,
1531 1221 1644 1279 quod
1671 1219 1786 1263 idem
1810 1233 1909 1262 esse
1942 1226 2118 1276 apparet
2151 1231 2202 1260 ac

271 1298 307 1341 si
340 1298 457 1341 dicas
489 1302 545 1342 ἐπὶ
567 1303 607 1341 τὸ
629 1302 730 1353 ῥῆμα
755 1302 1049 1352 ἀναφερόμενον.
1100 1299 1175 1343 Sic
1214 1313 1317 1355 ergo
1354 1297 1479 1341 etiam
1518 1302 1561 1345 in
1600 1298 1843 1343 huiusmodi
1883 1296 2111 1353 exemplis,
2157 1296 2198 1338 in

270 1377 423 1435 quibus
453 1375 702 1435 Apollonius
734 1374 990 1433 anaphoram
1020 1393 1117 1422 esse
1143 1383 1291 1435 negat,
1329 1377 1445 1421 velut
1480 1378 1522 1429 ὃς
1545 1379 1595 1423 ἂν
1618 1379 1730 1432 gaen,
1754 1380 1914 1430 μεινάτω
1936 1399 1999 1431 με,
2046 1383 2117 1419 aut
2159 1374 2200 1421 3«,-

268 1459 417 1508 μεθύει,
442 1459 657 1509 βλάπτεται,
691 1453 893 1497 referri
933 1457 1210 1509 (ἀναφέρεσθαι
1236 1470 1270 1498 S.
1302 1459 1367 1507 τὴν
1391 1458 1592 1509 ἀναφορὰν
1618 1455 1735 1506 ἔχειν)
1772 1454 1995 1498 articulum
2022 1455 2062 1503 gc,-
2085 1453 2196 1496 dice-

271 1548 363 1575 mus
392 1532 445 1575 ad
473 1532 709 1575 subiectum
735 1532 869 1586 verbi,
895 1511 1008 1589 quod
1039 1540 1106 1575 est
1135 1533 1178 1575 in
1209 1535 1342 1577 altero
1375 1535 1586 1586 membro,
1630 1538 1808 1587 μεινάτω,
1831 1537 2043 1586 βλάπτεται,
2086 1533 2197 1590 quod

269 1611 438 1669 quidem
468 1611 605 1669 possit
634 1611 759 1654 etiam
786 1611 988 1655 disertius
1011 1626 1091 1668 per
1108 1612 1484 1656 demonstrativum
1509 1610 1617 1659 οὗτος
1640 1626 1680 1653 v.
1712 1616 1848 1658 ἐκεῖνος
1875 1610 2086 1667 designari
2117 1614 2198 1666 vel,

270 1697 316 1734 ut
349 1689 488 1734 medio
527 1705 632 1734 aevo
665 1689 925 1749 grammatici
953 1690 1177 1747 dixerunt,
1218 1691 1436 1737 evocari
1461 1691 1554 1750 ¹⁹),
1599 1690 1676 1735 sed
1709 1690 1843 1748 quod,
1892 1690 2079 1748 quamvis
2112 1705 2197 1736 non

268 1776 511 1823 evocatum,
542 1776 681 1812 tamen
713 1768 982 1827 intelligitur,
1012 1770 1230 1829 siquidem
1255 1770 1299 1815 in
1323 1770 1436 1815 omni
1468 1771 1598 1814 verbo
1628 1769 1748 1813 finito
1773 1769 1896 1813 etiam
1927 1769 2009 1813 vim
2040 1785 2195 1828 prono—

270 1849 391 1890 minis
420 1856 493 1891 aut
515 1849 678 1906 primae
716 1857 790 1893 aut
825 1852 1039 1894 secundae
1067 1858 1140 1893 aut
1166 1851 1319 1894 tertiae
1348 1863 1559 1908 personae
1584 1849 1726 1892 inesse
1744 1848 2195 1907 manifestumfistffl’).

265 1927 441 1970 Erravit
466 1927 595 1985 igitur
625 1929 872 1984 Apollonius
904 1926 945 1973 ὅς
968 1930 1012 1972 in
1039 1929 1121 1972 illis
1153 1929 1362 1987 exemplis
1394 1943 1477 1973 non
1508 1928 1829 1986 anaphoricum,
1859 1941 1938 1971 seu
1968 1927 2193 1972 articulum

267 2021 344 2048 seu
388 2020 640 2062 pronomen,
687 2006 766 2049 sed
804 2012 978 2060 ἀόριστον
1006 2014 1168 2051 tantum
1199 2014 1330 2062 μόριον
1364 2023 1461 2050 esse
1500 2015 1743 2058 autumans;
1788 2020 1968 2062 eumque
2000 2021 2195 2049 errorem

266 2091 380 2126 tanto
412 2083 543 2141 magis
575 2083 841 2138 mirabimur,
873 2086 1011 2143 quod,
1050 2086 1104 2129 de
1136 2093 1293 2129 constr.
1322 2088 1372 2140 1,
1395 2087 1423 2129 6
1445 2102 1485 2143 p.
1508 2087 1587 2140 27,
1627 2085 1670 2128 in
1695 2084 1934 2127 huiusmodi
1960 2086 2194 2142 exemplis:

263 2165 383 2204 κεῖνος
401 2160 479 2211 γὰρ
503 2159 580 2210 περὶ
602 2162 684 2211 κῆρι
711 2162 950 2211 μακάρτατος
972 2160 1105 2212 ἔξοχον
1129 2160 1270 2212 ἄλλων,
1295 2161 1337 2208 ὅς
1357 2164 1423 2202 κέν
1449 2163 1481 2202 α’
1485 2161 1644 2202 ἕδνοισιν
1666 2162 1798 2212 βρίσας
1822 2158 1956 2200 οἶκόυὸο
1986 2161 2195 2212 ἀγάγηται,

264 2230 305 2273 in
346 2229 490 2287 priore
528 2232 717 2275 membro
752 2231 936 2275 futuram
974 2232 1154 2291 aliquam
1196 2248 1422 2291 personam
1462 2232 1673 2291 designari
1707 2232 1785 2286 ait,
1833 2231 1955 2275 cuius
1993 2232 2112 2276 notio
2150 2232 2193 2276 in

265 2311 399 2352 altero
431 2312 620 2353 membro
651 2325 730 2368 per
754 2307 796 2354 ὅς
820 2318 1056 2369 repetatur.
1116 2312 1293 2356 Scilicet
1323 2312 1366 2356 in
1398 2312 1479 2356 hoc
1496 2312 1691 2369 exemplo
1712 2310 1902 2369 agnoscit
1920 2312 2194 2369 anaphoram,

265 2389 363 2446 quia
392 2390 614 2446 praecedit
638 2402 872 2447 pronomen
897 2400 1025 2440 κεῖνος.
1078 2392 1195 2449 Quid
1225 2391 1375 2449 igitur,
1407 2391 1443 2433 si
1469 2391 1638 2434 inverso
1669 2390 1818 2432 ordine
1839 2389 2030 2433 dicatur:
2063 2392 2103 2438 3,-
2129 2397 2196 2435 κέν

265 2466 296 2506 α’
301 2464 460 2506 ἕδνοισιν
482 2466 616 2516 βρίσας
639 2463 776 2506 οἶκόνδ’
806 2466 1018 2518 ἀγάγηται,
1050 2474 1170 2514 κεῖνος
1193 2470 1238 2517 δὴ
1262 2469 1339 2519 περὶ
1365 2471 1446 2518 κῆρι
1470 2469 1707 2518 μακάρτατος
1735 2495 1786 2502 --
1803 2476 1877 2512 aut
1891 2469 2018 2512 etiam
2034 2470 2193 2513 omisso

265 2544 513 2602 pronomine
546 2545 902 2601 demonstrativo,
929 2552 1076 2590 πάντων
1101 2552 1145 2599 δὴ
1170 2551 1247 2602 περὶ
1267 2553 1348 2602 κῆρι
1374 2552 1611 2602 μακάρτατος
1633 2549 1779 2590 ἔσσεται
1800 2552 1975 2601 ἀνδρῶνῗ
2024 2549 2072 2592 Sl
2097 2564 2195 2593 con·

458 2732 518 2776 18)
544 2736 637 2776 Apud
661 2734 843 2768 Charlslum
868 2735 907 2775 ΙΙ,
934 2737 985 2774 14,
1011 2735 1055 2767 24
1077 2741 1108 2775 p.
1129 2736 1186 2767 111
1215 2734 1298 2766 Keil.

457 2812 511 2853 19)
535 2806 584 2846 Cr.
610 2814 724 2846 librum
750 2813 791 2847 de
813 2814 911 2855 partt.
937 2821 985 2846 or.
1009 2820 1043 2855 p.
1061 2814 1104 2845 30
1133 2814 1200 2845 not.
1218 2813 1252 2844 3.

449 2887 512 2931 20)
541 2890 607 2923 vm.
634 2891 676 2923 n».
702 2898 733 2932 p.
750 2890 793 2924 28
816 2891 850 2924 et
872 2898 965 2930 quem
989 2890 1033 2923 nn
1059 2891 1159 2924 cltavl
1183 2889 1327 2931 Aponon.
1352 2889 1393 2922 de
1418 2896 1512 2930 prou.
1539 2896 1569 2930 p.
1586 2888 1638 2921 20.
