2493 3237
283 349 327 383 et
359 340 583 398 participia
613 353 691 397 pro
722 338 865 381 verbis
894 337 1047 390 linitis,
1086 338 1283 395 adeoque
1314 339 1356 381 in
1393 339 1534 383 locum
1567 339 1877 384 coniunctionis
1905 339 2220 385 continuativae

282 421 409 463 etiam
426 420 602 464 verbum
616 416 814 462 substitui
831 430 974 474 posse,
1001 417 1118 461 velut
1132 420 1342 466 a'xozovgesi‘
1365 417 1408 461 in
1442 418 1684 464 huiusmodi
1715 419 2026 465 enuntiatione:
2052 426 2085 463 εἱ
2104 430 2223 475 φέροι

283 501 372 550 ἐστί,
395 502 474 555 φῶς
498 499 586 548 ἐστι’,
611 509 735 553 quam
768 495 894 538 etiam
927 494 991 538 sic
1023 495 1165 552 eloqui
1197 495 1345 539 liceat:
1371 499 1639 549 ἁκολουθεῖτῷ
1660 499 1802 551 ὴιιέραυ
1814 497 1909 541 εἶναι
1933 501 2000 542 καὶ
2019 503 2099 551 φῶς
2115 498 2221 540 εἶναι.

282 574 419 617 Nimis
450 574 548 616 mihi
571 574 665 631 ipse
699 574 871 631 ineptus
897 572 1092 628 viderer,
1133 573 1171 617 si
1202 573 1267 616 his
1304 572 1541 617 refutandis
1572 572 1839 618 immorarer.
1901 575 1989 619 Sed
2026 573 2220 632 sequitur

280 654 457 694 alterum
493 651 623 695 nihilo
656 653 831 696 melius:
870 666 1077 696 summam
1111 653 1303 696 iniuriam
1333 653 1529 695 Homero
1569 651 1692 705 fieri,
1732 652 1768 695 si
1800 653 1896 711 quis
1934 653 2137 697 articulos
2168 652 2220 705 ab

280 746 332 773 eo
354 738 398 774 ut
412 731 663 786 pronomina
681 737 912 786 usurpatos
927 731 1062 774 dicat:
1084 734 1120 772 τὸ
1146 735 1224 784 γὰρ
1255 734 1305 782 μὴ
1331 738 1410 777 ταῖς
1436 733 1536 771 κατὰ
1559 733 1677 780 φύσιν
1700 734 1819 782 λέξεσι
1845 737 2057 785 κεχρῆσθαι
2083 733 2220 773 κακίαι

279 824 325 851 re
368 823 470 852 vera
497 809 627 859 .enim
661 808 757 854 illos
803 808 876 866 qui
910 810 1206 868 pronominum
1244 809 1337 850 loco
1379 806 1576 863 usurpari
1616 806 1841 851 videantur
1877 809 2081 852 articulos
2116 807 2217 850 nihil

277 902 372 931 cum
408 887 601 932 articulis
640 903 866 933 commune
902 888 1062 932 habere
1106 893 1279 945 praeter
1318 901 1466 929 sonum
1503 891 1641 929 vocis=
1672 889 1855 938 ὁμόφωνα
1891 888 2063 944 quidem
2104 901 2219 940 esse,

276 967 354 1009 sed
391 972 570 1010 naturae
607 974 749 1011 tamen
787 967 999 1012 diversae.
1057 968 1245 1016 ’sitivisse
1271 963 1344 1006 οὖν
1368 967 1520 1018 αὐτούς,
1547 963 1683 1021 inquit
1721 963 1829 1021 p‚7,
1867 968 1890 1016 ἦ
1921 968 2117 1019 ὃμοφωνία
2147 968 2219 1007 τῶν

275 1046 429 1098 ἄρθρων
459 1048 525 1087 καὶ
553 1051 626 1087 τῶν
650 1049 916 1100 ἀντωνυμιῶν,
956 1053 1000 1089 ct
1039 1042 1181 1101 paullo
1219 1048 1336 1098 post:
1375 1049 1407 1087 εἱ
1438 1046 1478 1086 δὲ
1511 1045 1764 1095 ταράσσονται
1793 1045 1858 1085 διὰ
1889 1045 1955 1092 τὴν
1986 1042 2217 1095 ὁμοφωνίαν,

274 1120 366 1168 μηδὲ
392 1120 433 1159 *ὃ
458 1118 506 1164 ὅς
529 1118 674 1170 ἄρθρον
697 1122 911 1171 λεγέτωσαν
944 1118 1280 1167 ὑποτακτικὸν,
1322 1117 1375 1157 ὅτι
1413 1119 1478 1157 καὶ
1512 1118 1729 1168 σύνορθρον
1767 1115 2007 1167 ἀντωνυμίαν
2047 1113 2218 1165 σημαίνει

278 1188 535 1241 καὶάόριστον
547 1190 677 1238 μόριον
694 1190 733 1227 ἓν
754 1191 803 1239 τῷ
825 1185 875 1235 ὃς
891 1187 946 1229 ἂν
971 1188 1097 1237 ἔλθη,
1118 1186 1320 1237 μεινάτω
1343 1202 1416 1235 με,
1440 1185 1506 1225 καὶ
1533 1184 1616 1225 ἴσον
1642 1187 1692 1235 τῷ
1711 1180 1818 1231 οὗτος
1841 1184 2143 1235 παρὰἊττικοῖς,
2168 1199 2218 1225 ως

277 1262 433 1301 Πλάτων
457 1256 480 1308 ἦ
505 1260 534 1300 δ’
561 1258 608 1305 ὅς
631 1259 712 1299 ἀντὶ
748 1261 814 1299 τοῦ
839 1257 907 1310 ἔφη
931 1260 970 1300 δὲ
1003 1256 1124 1304 obrue:
1156 1270 1265 1312 quae
1296 1256 1449 1308 verba,
1479 1262 1709 1312 utcumque
1739 1255 1986 1312 accipienda
2016 1252 2215 1308 sunt10),

279 1335 361 1376 hoc
392 1334 541 1376 saltem
568 1332 819 1388 ostendunt,
845 1332 1117 1391 Apollonium
1151 1333 1262 1376 illam
1295 1333 1462 1376 articuli
1488 1347 1583 1375 cum
1611 1333 1863 1391 pronomine
1890 1330 2215 1390 homophoniam

276 1428 360 1457 non
381 1413 591 1456 diversam
617 1426 797 1454 censere
827 1413 878 1455 ab
908 1426 981 1465 ea,
1022 1426 1131 1469 quae
1171 1412 1401 1455 intercedit
1436 1412 1549 1455 inter
1576 1425 1811 1469 pronomen
1851 1412 2091 1465 relativum,
2121 1409 2211 1452 sive

279 1491 502 1535 articulum
532 1490 876 1547 postpositivum,
894 1498 938 1533 et
954 1492 1245 1548 possessivum
1274 1491 1377 1533 illud
1409 1494 1449 1539 3⁴,-
1473 1505 1529 1533 ex
1560 1492 1619 1536 ἑός
1655 1490 1939 1544 decurtatum,
1960 1503 2100 1546 neque
2116 1503 2213 1546 per-

274 1570 444 1628 spicere
483 1569 556 1628 qui
587 1568 685 1612 fieri
713 1569 924 1626 potuerit,
955 1576 1000 1613 ut
1030 1569 1143 1612 idem
1175 1584 1409 1627 pronomen
1437 1576 1480 1611 et:
1508 1569 1887 1612 demonstrativum
1917 1575 1961 1611 et
1989 1568 2210 1611 relativum

273 1656 317 1693 et
353 1648 620 1692 indefinitum
661 1654 799 1701 esset,
847 1647 969 1691 cuius
1019 1648 1085 1691 rei
1128 1648 1336 1691 rationem
1377 1648 1549 1691 Stoicos
1582 1648 1886 1705 prudentiores
1915 1661 1999 1691 non
2037 1646 2214 1690 latuisse

273 1727 472 1785 equidem
512 1741 591 1784 pro
630 1732 750 1786 certo
797 1726 1199 1783 affirmaverim11).
1235 1753 1277 1759 —
1317 1726 1621 1770 Afferebantur
1660 1727 1844 1785 denique
1884 1728 1936 1770 ab
1960 1726 2026 1770 his
2058 1725 2213 1769 multae

273 1805 539 1849 formationis
567 1804 982 1862 declinationumque
1008 1805 1120 1848 inter
1152 1805 1354 1848 articulos
1386 1812 1429 1848 et
1456 1807 1707 1863 pronomina
1743 1806 2065 1859 similitudines,
2102 1818 2211 1861 quae

277 1886 405 1927 unius
434 1885 540 1926 haec
566 1882 739 1939 generis
771 1884 973 1925 vocabula
1012 1898 1126 1936 esse,
1156 1884 1257 1925 licet
1283 1898 1367 1925 non
1394 1884 1639 1926 necessario
1668 1884 1982 1938 demonstrent,
2022 1897 2212 1939 compro—

274 1965 376 2005 bare
404 1963 552 2005 saltem
582 1960 793 2003 dicendae
814 1967 925 2004 sunt.
989 1962 1055 2004 De
1094 1955 1159 2003 'his
1191 1961 1294 2017 quid
1331 1962 1584 2019 Apollonius
1613 1970 1761 2005 contra
1783 1962 1942 2005 dixerit
1972 1960 2211 2019 singillatim

272 2041 437 2084 referre
465 2055 549 2083 non
578 2054 687 2096 opus
715 2046 804 2091 est3
843 2053 972 2082 unum
1004 2055 1340 2082 commemorare
1363 2040 1467 2083 satis
1500 2041 1662 2095 habeo,
1705 2042 1820 2084 unde
1850 2040 2048 2098 patefiat,
2086 2054 2209 2097 quam

271 2119 452 2162 firmiter
477 2118 537 2160 illi
569 2131 825 2175 persuasum
857 2118 987 2161 fuerit
1015 2118 1342 2175 homophoniam
1365 2126 1525 2162 tantum
1558 2134 1656 2162 esse
1685 2119 1960 2162 articulorum
1989 2133 2085 2162 cum
2115 2106 2211 2176 pro-

274 2197 525 2250 nominibus,
553 2203 731 2239 naturae
762 2203 902 2240 autem
930 2196 1221 2241 diversitatem
1254 2198 1396 2252 talem,
1428 2213 1536 2256 quae
1569 2214 1645 2242 eos
1674 2198 1718 2242 in
1749 2198 1898 2242 eadem
1931 2205 2052 2256 parte
2084 2196 2210 2240 orati-

464 2383 524 2428 10)
540 2384 660 2419 Fateor
676 2385 762 2418 enim
780 2384 857 2418 milii
873 2391 936 2417 non
953 2385 1036 2417 satis
1053 2384 1177 2425 liquere
1193 2384 1267 2425 quid
1280 2383 1474 2427 Apollonius
1488 2384 1552 2418 sibl
1568 2385 1657 2418 velit.
1674 2383 1890 2419 conturbatos
1901 2386 2107 2427 homonymia
2123 2387 2212 2421 Stol-

270 2450 329 2474 cos
352 2440 510 2473 articulos
534 2438 661 2470 dixisse
681 2439 738 2475 ait,
766 2439 818 2477 qni
843 2445 906 2470 non
933 2438 1050 2470 essent
1072 2438 1214 2470 articuli.
1244 2437 1334 2470 Nunc
1358 2440 1466 2470 antem
1491 2438 1628 2471 eandem
1646 2438 1884 2479 homonymiam
1901 2440 2035 2473 obstare
2052 2440 2208 2473 debuisse

270 2495 388 2532 innuit,
413 2501 454 2526 ne
480 2488 519 2530 ὅς
542 2491 787 2534 hypoiaciicum
811 2485 950 2533 ὄρθρον
974 2490 1135 2531 dicerent,
1158 2491 1241 2531 quod
1269 2492 1421 2533 protecto
1445 2498 1508 2524 non
1525 2492 1631 2524 minus
1654 2485 1878 2532 homonymum
1903 2495 1956 2527 est
1978 2501 2051 2527 cam
2075 2493 2212 2528 demon-

270 2551 410 2581 strativo
445 2544 484 2586 ὃς
513 2544 619 2587 (apud
651 2545 824 2579 Homerum
849 2545 882 2577 et
907 2542 1097 2585 Platonem)
1126 2552 1220 2583 quam
1249 2542 1270 2577 ὁ
1292 2546 1509 2586 proiacilcum
1538 2552 1611 2577 cuin
1639 2540 1660 2577 6
1681 2545 1951 2581 demonstrativo.
2001 2546 2102 2587 Quasi
2130 2555 2209 2582 vero

270 2601 477 2640 homonymia
503 2598 588 2641 apud
614 2598 747 2631 Stoicos
771 2598 804 2630 in
828 2592 849 2630 ὁ
870 2597 997 2638 quidem
1021 2598 1146 2637 valere,
1170 2599 1202 2631 in
1228 2593 1267 2636 ὅς
1291 2597 1399 2630 autem
1424 2605 1487 2631 non
1512 2598 1624 2632 valere
1647 2599 1801 2640 potuerit.

464 2651 526 2694 ii)
549 2652 619 2685 Nou
648 2653 765 2691 ignoro
797 2651 924 2691 quidem
955 2658 1034 2684 esse
1070 2651 1231 2691 hodieque
1270 2651 1363 2682 viros
1394 2651 1550 2690 quosdam
1580 2653 1791 2686 doctissimos
1821 2654 1855 2687 et
1883 2654 1916 2686 in
1941 2653 2007 2687 hac
2035 2653 2210 2696 disciplina

270 2707 544 2745 lingulstica.
568 2713 651 2745 quae
676 2705 847 2739 multarum
871 2706 1053 2744 linguarum
1071 2706 1320 2747 comparatione
1344 2705 1467 2744 nititur,
1490 2713 1541 2740 me
1564 2706 1662 2746 longe
1683 2707 1875 2748 peritiores,
1899 2708 1952 2747 qui
1977 2702 2015 2746 ὅς
2038 2706 2208 2741 relativum

269 2763 302 2794 et
317 2755 355 2799 ὅς
369 2760 658 2793 demonstrativum
675 2759 830 2792 diversae
851 2759 991 2798 originis
1015 2759 1048 2792 et
1071 2766 1155 2791 sono
1172 2759 1296 2791 tantum
1320 2758 1441 2790 similia
1457 2766 1536 2792 esse
1558 2759 1680 2799 velint3
1703 2760 1763 2792 sed
1786 2768 1869 2799 quae
1892 2761 1934 2793 ab
1953 2761 1999 2793 iis
2014 2762 2207 2801 argumenta

269 2814 461 2852 afferuntur,
482 2812 561 2844 milii
583 2812 709 2851 quidem
728 2811 974 2852 haudquaquam
992 2811 1033 2844 ad
1050 2811 1313 2853 persuadendum
1337 2811 1421 2843 satis
1437 2812 1547 2845 valida
1562 2820 1640 2845 esse
1659 2812 1821 2852 videntur,
1844 2820 1906 2853 qua
1930 2813 1971 2846 de
1993 2820 2031 2847 re
2054 2814 2120 2847 allo
2133 2814 2207 2847 loco

268 2867 458 2901 accuratius
481 2865 652 2898 dicendum
677 2866 750 2899 erit.
798 2865 928 2900 iuterim
957 2865 1045 2898 conr.
1073 2872 1156 2904 quae
1181 2864 1423 2898 Baeumleinius
1446 2867 1569 2899 monuit
1590 2867 1622 2898 ln
1647 2865 1807 2907 Philolos.
1832 2866 1910 2906 XVI,
1935 2867 2011 2900 1¹8.
