2493 3237
261 350 414 404 dicam,
448 365 537 393 rem
570 358 693 393 antea
724 351 905 393 fortasse
937 365 1019 393 non
1045 350 1381 392 animadversam
1416 365 1527 393 nunc
1553 350 1734 408 primum
1767 349 2104 392 animadvertere
2130 362 2200 390 au-

262 431 445 472 ditorem
475 432 642 472 iubeat:
676 432 802 471 ‘cuius
830 430 1000 485 quidem
1036 430 1418 471 demonstrationis
1451 432 1532 471 vim
1553 430 1803 485 Apollonius
1834 432 1886 471 ab
1921 430 2101 471 articulo
2134 430 2202 469 ab·

264 508 473 562 iudicans,
505 510 559 550 de
591 516 749 549 constr.
776 508 836 559 11,
867 508 892 548 3
924 522 965 564 p.
983 508 1056 559 99,
1089 508 1168 559 21,
1202 507 1314 547 hunc
1344 512 1597 561 ἀντικείμενον
1629 507 1976 550 demonstrationi
1994 506 2202 565 pronomi-

265 588 474 644 nibusque
506 586 849 629 demonstrativis
881 601 979 629 esse
1016 586 1134 628 dicit.
1196 585 1325 642 Atqui
1372 586 1523 627 eodem
1565 586 1660 629 loco
1698 588 1783 630 duo
1830 585 2202 630 demonstrationis

264 680 422 723 genera
452 680 549 707 esse
588 666 787 707 observat
822 664 864 706 in
898 666 1219 720 pronominibus
1250 662 1369 714 οὗτος,
1395 668 1545 714 ἐκεῖνος,
1576 679 1685 721 quae
1711 681 1840 722 quum
1870 667 2035 706 δεικτικά
2069 680 2104 707 s.
2131 665 2202 706 de-

267 744 538 788 monstrativa
566 752 611 787 ut
633 758 658 786 a
689 743 848 786 ceteris
879 743 943 786 sic
970 746 1020 786 ab
1054 744 1148 800 ipso
1184 743 1474 800 appellentur,
1512 744 1834 800 haudquaquam
1866 753 2005 786 tamen
2033 758 2204 799 semper

264 824 306 865 in
337 823 697 865 demonstratione
727 822 790 865 rei
825 837 906 865 non
940 831 1039 865 ante
1072 823 1395 865 animadversae
1424 822 1622 879 usurpari
1649 824 1807 872 solent,
1840 823 1916 864 sed
1953 822 2204 879 saepissime

266 903 392 945 etiam
423 903 486 945 rei
513 902 595 944 iam
629 911 726 943 ante
758 910 883 944 notae
915 911 958 944 et
984 911 1346 944 commemoratae
1377 901 1570 944 iteratam
1602 901 1899 957 cogitationem
1929 902 2010 954 vel,
2039 909 2085 943 ut
2110 916 2205 944 cum

268 981 491 1025 prisciano
524 982 688 1038 loquar,
720 981 950 1024 secundam
980 980 1170 1023 notitiam
1205 988 1453 1038 suggerunt,
1485 982 1628 1038 itaque
1660 981 1899 1038 anaphorae
1931 979 2013 1022 vim
2052 980 2207 1022 habent

267 1068 311 1103 et
340 1063 559 1111 ἀναφορικά
587 1075 620 1102 s.
655 1060 910 1114 relativa,
937 1067 984 1102 ut
1014 1067 1126 1112 sunt,
1159 1059 1286 1102 etiam
1319 1061 1588 1117 appellantur
1602 1060 1658 1116 5).
1720 1060 1770 1102 Id
1805 1059 1874 1102 ubi
1902 1059 1970 1111 fit,
2011 1065 2069 1102 δεῖ
2095 1065 2205 1110 νοεῖν,

265 1139 416 1195 inquit,
448 1136 501 1179 gn
525 1141 546 1182 ἦ
577 1142 619 1179 ἐκ
643 1142 780 1179 τούτων
805 1146 912 1190 δεῖξις
943 1141 1007 1180 §sti
1023 1142 1086 1180 τὸυ
1112 1143 1206 1179 νοῦν
1227 1142 1395 1191 φέρεται,
1421 1140 1516 1180 ὥστε
1542 1141 1608 1185 φὰς
1631 1141 1699 1190 μὶν
1721 1143 1783 1188 τῆς
1806 1138 1926 1188 ὅψεως
1950 1136 2041 1178 εἶναι
2069 1138 2205 1185 δείξεις,

267 1221 333 1264 τὰς
357 1220 394 1259 δὲ
420 1221 486 1257 τοῦ
500 1223 580 1258 νοῦ.
626 1218 789 1274 Nempe
815 1222 875 1266 τῆς
899 1218 1019 1266 ὅψεως
1043 1224 1153 1268 δεῖξιν
1177 1218 1396 1260 brevitatis
1424 1233 1552 1260 causa
1583 1219 1706 1270 dixit,
1739 1217 1934 1274 quoniam
1962 1216 2043 1257 hoc
2070 1227 2205 1271 genus

267 1298 640 1339 demonstrationis
671 1298 712 1338 in
744 1297 797 1338 iis
828 1297 1082 1352 plerumque
1124 1299 1254 1338 rebus
1295 1306 1547 1353 usurpatur,
1588 1311 1696 1352 quae
1733 1297 1868 1338 oculis
1895 1294 2083 1350 conspici
2110 1307 2205 1349 pos-

268 1382 380 1429 sunt,
411 1375 511 1418 licet
536 1389 616 1417 non
643 1374 780 1417 minus
810 1373 936 1417 etiam
968 1374 1011 1417 in
1043 1374 1136 1417 aliis
1165 1376 1303 1417 locum
1340 1375 1496 1417 habere
1529 1374 1677 1432 possit,
1709 1389 1818 1431 quae
1844 1374 1910 1417 vel
1935 1372 2108 1416 auribus
2140 1370 2206 1413 vel

269 1454 351 1497 alio
382 1454 579 1511 quopiam
618 1468 749 1495 sensu
788 1454 1112 1510 percipiuntur3
1152 1460 1261 1504 δεῖξιν
1286 1458 1352 1494 τοῦ
1378 1459 1446 1495 νοῦ
1473 1463 1637 1508 autem,
1677 1468 1785 1511 quae
1826 1452 2013 1510 pertinet
2049 1451 2101 1493 ad
2137 1464 2207 1492 res

269 1547 352 1575 non
378 1532 574 1574 sensibus
607 1533 833 1585 obiectas„
860 1533 937 1575 sed
970 1548 1147 1589 quarum
1185 1533 1264 1573 iam
1293 1534 1481 1589 reposita
1508 1535 1549 1576 in
1584 1542 1724 1576 mente
1755 1533 1872 1575 notio
1899 1531 2132 1588 repetenda
2164 1537 2208 1570 et

268 1612 631 1669 repraesentanda
662 1619 741 1653 est.
804 1612 937 1655 Nobis
968 1613 1079 1655 illam
1108 1612 1379 1654 ocularem
1416 1622 1488 1655 aut
1531 1613 1855 1670 primitivam
1882 1610 2208 1653 demonstratio-

267 1706 363 1733 nem
396 1690 543 1732 dicere
571 1690 730 1742 licebit,
761 1691 866 1733 banc
899 1693 1071 1733 alteram
1101 1700 1241 1733 autem
1267 1693 1642 1735 secundariam
1677 1701 1749 1733 aut
1791 1692 2097 1742 mentalem,
2135 1704 2205 1731 no—

268 1769 378 1814 u‘cio
410 1769 582 1825 quidem
610 1769 688 1812 sed
729 1776 829 1825 apto
871 1769 922 1812 ad
963 1785 1051 1812 rem
1091 1769 1311 1811 vocabulo.
1375 1770 1511 1827 Igitur
1550 1771 1661 1813 illam
1702 1770 1958 1827 anaphoram
1993 1768 2206 1825 Apollonii

268 1848 370 1892 nihil
402 1847 515 1890 aliud
548 1862 646 1890 esse
673 1855 873 1905 apparet,
914 1849 993 1891 nisi
1026 1848 1429 1892 demonstrationem
1470 1849 1678 1907 quandam
1713 1850 1961 1902 mentalem,
2003 1855 2114 1900 δεῖξιν
2139 1847 2206 1889 τού

268 1931 355 1969 νοῦς
381 1941 599 1984 quumque
632 1927 882 1983 pronomina
912 1924 1029 1978 οὗτος,
1054 1930 1203 1979 ἐκεῖνος,
1233 1928 1396 1970 etiamsi
1417 1929 1659 1986 anaphorae
1685 1928 1936 1982 inserviunt,
1969 1935 2207 1970 nontamen

268 2014 498 2064 propterea
530 2006 780 2063 pronomina
805 2020 902 2048 esse
935 2006 1142 2061 desinant,
1171 2008 1252 2050 hoc
1281 2010 1450 2065 quidem
1471 2008 1737 2051 manifestum
1767 2016 1847 2060 est,
1878 2022 1961 2050 non
1978 2008 2087 2049 adeo
2107 2006 2207 2049 alie-

269 2101 363 2129 nam
396 2101 493 2128 esse
525 2099 548 2127 a
588 2086 884 2142 pronominum
915 2095 1063 2128 natura
1097 2088 1378 2144 anaphoram,
1416 2097 1461 2130 ut
1493 2088 1680 2140 articuli,
1715 2087 1812 2143 quia
1854 2087 1923 2129 uni
1964 2087 2207 2143 anaphorae

269 2165 516 2218 inserviant,
546 2166 668 2221 plane
702 2165 898 2207 diversae
931 2179 951 2206 a
980 2166 1300 2221 pronominibus
1331 2173 1505 2208 naturae
1529 2179 1567 2208 et
1594 2166 1635 2208 in
1661 2165 1830 2208 diversa
1855 2166 2057 2208 orationis
2087 2173 2208 2222 parte

272 2244 455 2287 habendi
484 2258 581 2286 esse
610 2244 820 2286 dicantur.
885 2234 1056 2302 Quodsi
1084 2246 1178 2303 quis
1213 2246 1323 2289 sorte
1355 2246 1547 2299 obiiciat,
1589 2245 1712 2288 aliter
1754 2252 1894 2287 tamen
1922 2244 1964 2287 in
1993 2251 2209 2288 structura

270 2324 475 2366 orationis
506 2323 725 2375 articulos,
760 2323 884 2364 aliter
912 2325 1160 2380 pronomina
1192 2326 1262 2367 illa
1287 2326 1545 2381 anaphorica
1574 2325 1781 2373 adhiberi,
1813 2325 1855 2366 id
1889 2325 2001 2381 quod
2029 2339 2134 2367 sane
2151 2326 2208 2367 ita

271 2411 358 2454 est,
422 2402 523 2443 nihil
558 2401 671 2442 aliud
700 2409 839 2442 tamen
884 2402 982 2443 hinc
1020 2404 1223 2458 consequi
1268 2404 1481 2456 dicemus,
1541 2404 1620 2445 nisi
1669 2405 1923 2459 anaphoram
1972 2418 2007 2445 s.
2038 2405 2208 2446 demon-

270 2482 515 2525 strationem
542 2480 765 2522 mentalem
800 2480 956 2523 habere
989 2482 1134 2537 plures
1169 2484 1288 2539 quasi
1322 2484 1501 2539 gradus,
1544 2499 1723 2539 quorum
1752 2483 1793 2526 in
1820 2483 1902 2528 alio
1947 2484 2208 2542 pronomina,

272 2562 312 2605 in
352 2559 435 2603 alio
470 2558 638 2602 articuli
674 2566 951 2616 usurpentur.
1015 2561 1080 2604 Ne
1120 2561 1190 2605 illa
1229 2561 1401 2619 quidem
1442 2562 1769 2616 demonstratio,
1804 2577 1928 2620 quam
1957 2563 2208 2621 Apollonius

272 2644 332 2689 τῆς
358 2638 498 2689 ὅψεως,
526 2652 600 2681 nos
627 2639 842 2681 ocularem
873 2646 944 2683 aut
972 2640 1224 2697 primitivam
1259 2641 1460 2696 diximus,
1489 2657 1660 2699 semper
1692 2642 1816 2685 unius
1831 2644 2002 2701 generis
2024 2651 2104 2696 est,
2131 2644 2208 2686 sed

273 2719 399 2761 habet
432 2718 537 2759 haec
562 2732 732 2774 quoque
763 2718 870 2762 duos
887 2720 1058 2777 gradus,
1088 2721 1130 2763 id
1160 2720 1273 2777 quod
1308 2721 1556 2777 Apollonius
1587 2722 1681 2779 ipse
1708 2736 1789 2765 non
1811 2722 1990 2779 ignorat.
2052 2722 2208 2764 Distin-

446 2874 487 2916 5)
511 2877 560 2908 Cl'.
590 2876 748 2908 Priscian.
775 2877 839 2914 Xll,
870 2879 896 2915 l,
920 2878 952 2908 3.
992 2878 1067 2916 Xlll,
1092 2879 1123 2916 ὅ,
1148 2879 1202 2910 32.
1247 2878 1337 2915 XVll,
1363 2878 1394 2916 9,
1420 2879 1461 2910 56
1508 2881 1565 2911 57.
