2493 3237
289 324 405 360 stare
438 316 520 360 sibi
549 318 670 370 velit,
706 333 747 361 ος
779 318 842 362 sic
872 318 915 362 in
940 317 1060 361 initio
1090 317 1342 363 collocatum
1374 318 1534 377 pariter
1562 326 1688 376 atque
1723 319 1765 363 in
1806 334 1886 365 suo
1913 306 1985 366 illo
2018 322 2229 380 exemplo,

288 396 330 444 ὃς
351 402 500 449 μεθύει,
527 402 741 450 paniarum,
778 396 1080 455 anaphoricum
1115 410 1212 439 esse
1253 397 1443 456 negabit,
1475 401 1649 462 ᾁόριστον
1673 411 1712 441 v.
1744 402 1964 453 ἀοριστῶδες
1989 404 2119 455 μόριον
2145 399 2228 445 dici

290 476 450 516 debere
482 476 719 515 contendet.

479 552 704 595 Hactenus
749 553 804 596 de
837 554 1064 610 Apollonio
1097 553 1278 610 eiusque
1311 552 1540 596 subtilitate
1584 552 1753 607 iudicii,
1795 568 1919 610 quam
1951 555 1993 596 in
2028 556 2109 598 hoc
2137 558 2227 613 qui-

289 631 384 674 dem
414 630 715 688 grammaticae
757 633 875 686 loco,
919 632 991 688 qui
1032 640 1098 675 est
1137 633 1191 675 de
1223 632 1435 684 articulis,
1482 646 1564 675 non
1597 632 1721 674 nimis
1753 633 2080 688 praedicandam
2114 648 2227 687 esse,

287 710 354 753 vel
391 724 446 753 ex
494 707 571 764 iis,
627 725 737 767 quae
774 710 914 754 adhuc
954 711 1188 768 disputavi,
1236 711 1339 754 satis
1381 718 1572 767 apertum
1594 725 1713 753 -esse
1740 710 1938 753 arbitror.
1999 712 2225 770 Reliquum

287 796 375 845 est,
416 798 464 833 ut
494 789 623 834 etiam
650 790 817 850 singula
842 790 936 835 eius
973 791 1028 835 de
1056 807 1138 834 usu
1177 790 1344 834 articuli
1379 799 1605 847 praecepta
1643 790 1935 834 examinemus
1974 799 2017 834 et
2052 793 2155 848 quid
2184 794 2226 835 in

285 870 339 913 iis
370 869 659 928 probandum,
691 870 792 927 quid
817 870 1141 927 improbandum
1169 869 1225 913 sit
1255 869 1616 923 demonstremus,
1648 883 1756 926 quae
1784 883 1876 922 reS,
1910 870 2105 925 quoniam
2139 873 2227 914 lon-

284 950 449 1007 giorem
482 949 814 1005 disputationem
839 950 1049 1006 postulat,
1096 948 1139 990 in
1170 948 1283 991 aliud
1315 955 1483 1005 tempus
1514 947 1749 990 differenda
1789 956 1869 989 est.
1928 948 2053 989 Nunc
2084 958 2225 991 autem

287 1045 339 1073 eo
365 1034 719 1086 praevertemur,
748 1027 862 1084 quod
888 1027 1015 1070 huius
1037 1026 1360 1084 programmatis
1382 1027 1538 1069 edendi
1553 1026 1849 1069 necessitatem
1866 1017 1987 1068 nobis
2009 1027 2226 1084 imposuit.

483 1135 719 1179 lndioimus
736 1134 866 1191 igitur
887 1134 1055 1191 Regis
1082 1135 1157 1177 Au
1171 1134 1475 1190 gustissimi
1496 1135 1691 1177 natalicia
1704 1135 1773 1177 die
1789 1136 1960 1177 crastini
1978 1137 2070 1178 hor.
2089 1136 2167 1178 xl.
2182 1137 2225 1177 in

288 1214 503 1261 auditorio
527 1213 711 1257 maximo
734 1214 786 1256 ab
811 1211 1087 1256 universitate
1112 1218 1257 1255 nostra
1281 1212 1556 1267 celebranda,
1589 1228 1821 1269 omnesque
1838 1213 2080 1271 quicunque
2095 1218 2224 1259 rebus

288 1294 447 1341 nostris
477 1293 640 1347 favent,
680 1290 950 1349 magistratus
981 1289 1121 1348 regios
1153 1295 1197 1334 et
1231 1289 1425 1345 urbicos,
1469 1289 1616 1335 civiles
1648 1298 1691 1335 ot
1722 1291 1945 1347 militares,
1992 1308 2223 1353 omnesque

290 1375 475 1420 omnium
507 1372 700 1415 ordinum
732 1370 848 1414 cives
879 1377 1006 1428 atque
1032 1369 1225 1427 hospites
1258 1376 1304 1412 ut
1335 1369 1477 1414 coetui
1495 1376 1640 1413 nostro
1656 1370 1903 1428 frequentes
1925 1371 2077 1417 adesse
2095 1374 2224 1419 velint

290 1468 373 1513 qna
402 1454 528 1497 decet
557 1450 825 1493 observantia
856 1456 900 1492 et
929 1448 1171 1492 reverentia
1200 1448 1441 1492 invitamus.

518 1532 736 1573 Dabamus
766 1528 1141 1585 Gryphiswaldiae
1172 1528 1213 1569 d.
1247 1528 1367 1569 XXI.
1397 1543 1451 1569 m.
1481 1528 1607 1571 Mart.
1640 1529 1993 1573 MDcchxn.
