2493 3237
282 387 377 431 onis
413 388 561 432 haberi
599 403 683 432 non
725 390 900 434 sineret.
970 390 1078 434 Nam
1119 405 1249 448 quum
1287 391 1438 435 Habro
1477 405 1709 448 pronomen
1735 389 1929 451 οὗτος-οι
1958 390 2137 434 articulo
2171 390 2213 437 3.-

280 466 534 523 productum
566 466 762 522 dixisset,
802 468 1159 526 quemadmodum
1191 474 1401 520 τηλικοῦτος
1441 483 1467 512 e
1501 466 1860 522 ἐῆλίκῖςζὲἦρὁῦὶὸξ
1897 482 1923 512 e
1960 468 2095 522 τῆμος,
2141 468 2211 511 ille

278 543 334 587 de
365 555 523 589 constr.
549 543 612 601 Π,
644 546 673 589 8
699 560 739 604 p.
764 548 844 589 111
872 553 916 589 et
944 547 998 591 de
1032 560 1152 605 pron.
1184 546 1290 604 p.7,
1322 546 1403 589 hoc
1436 553 1668 605 propterea
1697 546 1924 603 improbat,
1955 546 2070 608 quod
2100 546 2213 590 nulla

278 623 522 667 huiusmodi
549 625 759 682 producta
788 627 924 668 forma
953 626 996 669 in
1024 626 1236 669 diversam
1263 638 1286 666 a
1316 627 1522 669 vocabulo
1563 624 1777 683 primitivo
1810 631 1976 682 partem
2008 624 2212 668 orationis

277 701 397 745 abire
428 703 588 760 possit3
636 703 836 746 debuisse
878 703 1007 761 igitur
1031 705 1280 747 Habronem
1306 701 1416 751 οὗτος
1451 719 1533 746 non
1574 706 1625 745 ab
1656 704 1836 746 articulo
1861 703 1902 749 ὅς
1926 705 2004 747 sed
2029 706 2081 746 ab
2116 705 2210 746 eius

275 779 546 838 homophono
583 782 832 839 pronomine
874 783 1085 827 derivare.
1154 783 1415 841 Magnopere
1452 782 1681 826 dolendum
1720 789 1788 824 est
1818 783 2038 826 Habronis
2078 783 2209 825 libros

275 873 422 903 omnes
455 860 651 918 periisse,
684 876 740 905 ex
770 862 923 919 quibus
949 862 1134 906 sortasse
1165 861 1265 919 quid
1297 862 1334 905 is
1365 861 1419 905 de
1445 861 1560 905 omni
1593 861 1673 904 hac
1702 868 1824 918 parte
1853 861 2057 906 orationis
2085 876 2207 919 prae-

275 938 464 996 cepisset
495 939 733 998 intelligere
781 955 1020 998 possemus.
1083 940 1170 984 vix
1211 947 1349 984 tamen
1390 939 1575 984 dubitari
1609 945 1775 997 potest,
1817 940 1917 997 quin
1963 939 2207 984 Stoicorum

273 1016 480 1061 rationem
509 1018 717 1061 hactenus
744 1019 892 1062 saltem
924 1018 1190 1076 probaverit,
1221 1025 1267 1061 ut
1297 1033 1424 1062 unum
1451 1018 1651 1076 idemque
1679 1018 1930 1061 vocabulum
1962 1025 2007 1062 et
2035 1018 2208 1062 demon—

273 1095 494 1139 strativum
516 1103 560 1139 et
576 1097 813 1152 relativum,
840 1104 884 1140 et
898 1112 1133 1156 pronomen
1152 1104 1194 1140 et
1210 1097 1431 1140 articulum
1457 1111 1554 1140 esse
1569 1111 1699 1154 posse
1718 1103 1987 1154 agnosceret,
2017 1097 2207 1155 quamvis

273 1175 456 1217 fortasse
487 1176 736 1218 translatum
765 1190 788 1219 a
820 1176 979 1219 Stoicis
1013 1178 1159 1236 0'3'939012
1196 1190 1347 1218 nomen
1374 1176 1416 1219 in
1442 1189 1566 1219 omne
1586 1190 1722 1234 genus
1740 1176 2035 1233 pronominum
2050 1175 2205 1233 impro-

274 1253 460 1307 baverit,
494 1254 538 1297 id
573 1255 686 1311 quod
721 1270 773 1297 ne
806 1270 881 1297 uos
913 1256 1084 1311 quidem
1125 1257 1367 1311 probamus.
1428 1254 1569 1298 Nihilo
1598 1254 1730 1311 magis
1758 1261 1901 1299 autem
1934 1255 2204 1311 Apollonium

272 1331 568 1389 probabimus,
599 1332 778 1376 nominis
802 1333 928 1376 huius
960 1348 1082 1377 usum
1114 1332 1238 1376 nimis
1266 1332 1453 1390 angustis
1479 1332 1633 1376 finibus
1677 1332 2122 1388 circumscribentem,
2160 1342 2206 1378 ut

272 1424 396 1453 uuam
428 1411 553 1454 modo
578 1412 756 1454 sormam
788 1410 1027 1455 breviorem
1055 1412 1339 1470 pronominis,
1382 1426 1491 1469 quae
1529 1410 1622 1454 aliis
1663 1411 1903 1455 casualibus
1944 1411 2090 1455 addita
2119 1413 2201 1456 vim

271 1489 568 1546 anaphoricam
600 1490 802 1544 haberet,
834 1491 1055 1534 articulum
1084 1490 1168 1534 dici
1200 1491 1340 1534 vellet.

464 1569 670 1613 Definitio
708 1570 873 1614 articuli
914 1570 977 1612 sic
1013 1568 1324 1626 circumscripti
1361 1568 1402 1626 in
1446 1566 1580 1624 ipsius
1617 1567 1786 1623 quidem
1828 1567 2046 1624 Apollonii
2081 1569 2201 1612 libris
2234 1577 2240 1583 ‘

270 1647 572 1705 superstitibus
604 1663 685 1691 non
715 1656 856 1692 extat:
903 1649 982 1692 fuit
1004 1656 1144 1691 autem
1169 1647 1318 1691 eadem
1344 1647 1438 1689 sine
1463 1645 1612 1699 dubio,
1641 1660 1749 1702 quae
1767 1646 1881 1702 apud
1900 1660 2028 1690 unum
2053 1662 2078 1690 e
2098 1647 2202 1691 Dio-

270 1725 382 1784 nysii
400 1727 801 1771 commentatoribus
822 1728 998 1785 legitur,
1031 1742 1137 1784 quos
1162 1726 1298 1770 ubivis
1325 1726 1417 1769 fere
1434 1723 1646 1782 Apollonii
1672 1723 1847 1781 vestigia
1871 1724 1994 1782 sequi
2022 1733 2202 1771 constat.

268 1803 352 1848 Est
381 1811 523 1849 autem
550 1807 658 1850 haec
680 1807 775 1864 ¹²)2
815 1809 977 1860 ”Aqeqov
1008 1808 1083 1848 ἐστὶ
1116 1809 1227 1858 μέρος
1257 1808 1374 1858 λόγου
1408 1807 1693 1855 συνάρτώμενου
1729 1809 1915 1850 mortam}
1954 1807 2054 1846 κατὰ
2084 1809 2202 1857 παρά-

268 1891 376 1925 &saw
419 1883 669 1931 neoraxrm'tssq
710 1879 731 1930 ἢ
767 1883 1020 1925 ὑποτακτικῶς
1055 1879 1149 1929 μετὰ
1189 1881 1261 1918 τῶν
1300 1878 1638 1928 συμπαρεπομὲυων
1677 1878 1726 1925 τῷ
1759 1877 1932 1927 ὀνόματι,
1975 1880 2026 1922 εἰς
2056 1881 2202 1929 ςωῶσιν

268 1954 597 2003 προϋποκειμέυην,
622 1951 708 2004 ὅπερ
733 1959 897 1993 καλεῖται
922 1953 1111 2001 ἀυαφορά.
1153 1949 1194 1990 h.
1229 1963 1268 1991 e.
1310 1947 1590 1990 Articulus
1637 1955 1718 1988 est
1768 1961 1888 2002 pars
1934 1948 2200 1992 orationis

268 2022 519 2068 adiuncta
549 2027 857 2069 casualibus
889 2033 976 2068 aut
1008 2025 1376 2082 praepositiva
1413 2024 1686 2082 positione
1724 2031 1810 2067 aut
1840 2026 2201 2082 postpositiva

267 2104 463 2147 nomini
490 2119 600 2147 cum
623 2104 739 2147 eius
763 2103 1134 2147 accidentibus
1160 2104 1250 2161 ¹³),
1283 2103 1546 2147 notionem
1572 2103 1668 2145 iam
1703 2102 1849 2159 prius
1883 2111 2053 2147 mente
2080 2121 2199 2149 con-

267 2190 471 2240 ceptam
497 2198 779 2236 revocans,
811 2182 862 2225 id
889 2182 1024 2240 quod
1053 2186 1229 2236 ἀυαφορά
1265 2181 1502 2240 (relatio)
1527 2181 1752 2225 dicitur.
1801 2181 2199 2241 Illudetiam,quod

267 2261 308 2303 in
341 2262 514 2306 scholiis
545 2262 598 2306 ad
624 2262 877 2319 Dionysium
895 2277 936 2319 p.
954 2261 1054 2316 898,
1077 2261 1134 2304 28
1157 2261 1358 2319 legimus,
1386 2262 1531 2315 0'1'93902’
1555 2260 1712 2303 dictum
1741 2259 1876 2303 videri
1901 2265 1946 2303 ἐκ
1969 2265 2036 2303 τοῦ
2060 2282 2201 2316 συναρ-

267 2344 407 2388 raaz-aa
443 2348 631 2389 πτωτικοῒς
658 2343 722 2383 καὶ
752 2344 926 2394 μηδέποτε
952 2342 1043 2391 δίχα
1074 2342 1197 2381 αὐτῶν
1228 2341 1491 2392 εὖρίσκεσῖσαι,
1530 2353 1708 2395 prorsus
1742 2337 1957 2395 Apollonii
1991 2339 2199 2383 rationem

266 2418 415 2460 refert.
476 2418 585 2460 Nam
615 2418 652 2460 is
684 2432 851 2475 quoque
883 2432 955 2460 eas
982 2428 1136 2470 voces,
1168 2430 1277 2473 quae
1305 2422 1481 2474 propter
1517 2417 1842 2474 homophoniam
1877 2433 1974 2461 cum
2008 2419 2201 2462 articulis

267 2496 600 2551 confundantur,
643 2497 679 2539 si
712 2497 880 2554 quando
911 2512 992 2540 non
1033 2496 1255 2539 adiunctae
1285 2495 1523 2538 nominibus
1561 2496 1665 2551 sint,
1707 2511 1761 2538 ne
1790 2497 1994 2540 articulos
2028 2498 2199 2555 quidem

266 2574 350 2618 dici
390 2589 519 2632 posse
567 2576 806 2630 contendit,
851 2576 929 2619 sed
969 2583 1128 2619 tantum
1162 2573 1424 2632 pronomina.
1502 2578 1765 2627 Συμφερόμενα
1794 2580 1873 2628 γὰρ
1919 2583 1994 2624 τοῖς
2038 2579 2199 2629 ὀνόμασι

461 2737 522 2781 12)
548 2739 662 2773 Schol.
685 2740 821 2778 Dionys.
844 2745 877 2780 p.
892 2737 968 2777 89⁹,
991 2738 1023 2770 9.

456 2790 519 2834 13)
544 2792 635 2826 Haec
656 2793 742 2826 enlm
765 2791 841 2824 sunt
864 2788 909 2823 τὰ
932 2787 1159 2832 παρεπόμενα
1180 2786 1227 2831 τῷ
1251 2782 1409 2831 ὀνόματι,
1433 2796 1551 2831 nempe
1570 2796 1611 2822 ea
1635 2795 1719 2828 quae
1746 2787 1908 2820 addantur
1931 2787 2053 2822 noum
2078 2787 2120 2819 ad
2150 2789 2198 2819 rei

262 2846 319 2878 aut
344 2844 531 2885 qualitatem
554 2845 811 2884 quantitatemve
835 2845 892 2877 aut
922 2845 1113 2878 relationem
1137 2842 1192 2875 aut
1218 2842 1380 2875 actionem
1401 2843 1457 2876 aut
1477 2843 1668 2884 passionem
1691 2841 1822 2880 altaque
1843 2841 1917 2874 etus
1939 2841 2077 2880 generis
2103 2847 2199 2881 prae-

263 2897 448 2932 dicamenta
472 2897 660 2932 indicanda.
1921 2936 1959 2964 Υ
