2493 3237
275 391 409 447 inquit
436 392 491 434 de
514 388 676 434 constr.
709 392 748 440 l,
791 390 817 431 3
846 403 885 446 p.
910 389 978 441 10,
1020 390 1067 443 2,
1111 392 1354 441 ῐὴυζὲαυτῶν
1386 390 1550 438 δύναμιν
1574 389 1859 439 &uma-levat,
1896 389 1968 428 οὐκ
2000 387 2138 438 ἔχοντα
2172 387 2211 427 δὶ

274 472 358 521 τῇδε
380 472 601 520 μεθίσταται
634 472 682 514 εἰς
713 468 1048 519 τὰς.καλουμε’νας
1079 468 1326 517 ἀντωνυμῖας.
1381 463 1443 506 lb.
1461 462 1555 505 (3.3-
1574 476 1613 519 p.
1629 461 1700 514 17,
1720 461 1772 505 7:
1803 463 1849 504 τὰ
1874 461 2001 514 ἄρηα
2034 464 2095 511 τῆς
2125 461 2213 512 πρὸς

276 543 321 582 τὰ
360 545 528 591 ὀνόματα
564 542 822 590 συναρτήσεως
861 542 1081 581 ἀποστάντα
1114 543 1164 586 εἰς
1197 539 1262 588 τὴν
1301 539 1603 589 ὑποτεταγμένην
1626 540 1684 584 Η)
1720 536 1960 587 ἀντωνυμῖᾱν
1992 534 2211 586 μεταπίπτει.

274 620 317 655 el.
347 613 412 665 ΙΙ,
433 612 461 654 8
479 627 518 667 p.
538 610 643 663 107,
663 610 742 653 23:
787 610 879 652 ὅταν
903 613 961 652 ’τὰ
986 611 1115 664 ἅρξφρα
1149 612 1200 662 μὴ
1233 611 1304 661 μετ’
1341 611 1537 661 ὀνομάτων
1569 611 1906 661 παραλαμβάνηται
1939 631 1985 637 -
2018 609 2061 647 ἑκ
2089 606 2212 653 πάσης

273 693 445 742 ἀνάγκης
471 693 520 736 εἰς
551 691 792 741 ἅντωνυμιάυ
823 690 1166 742 μεταληφξτήσεται,
1209 693 1252 728 et
1286 686 1426 744 paullo
1465 678 1562 728 ante⁴
1596 684 1695 727 iulia
1730 689 1773 739 τῇ
1799 688 1905 738 φωνῇ
1928 682 2055 736 ἅρβρα
2086 678 2209 734 dixit,

273 770 315 818 τῇ
338 767 376 807 δὲ
401 769 439 817 ἕξ
464 768 589 806 αὐτοῖν
613 768 814 816 μεταλήψει
837 768 1085 817 ἅντωνυμιάς-
1140 767 1173 808 Α
1205 766 1421 808 veteribus
1451 765 1621 822 quidem
1654 764 1759 817 illis,
1792 762 1864 819 qui
1890 759 2014 822 primi
2043 758 2209 801 articuli

270 856 422 885 nomen
450 842 491 884 in
517 842 834 898 grammaticam
868 841 1151 896 induxerunt,
1198 846 1319 901 longe
1358 844 1439 886 alio
1476 858 1603 885 sensu
1638 842 1678 884 id
1711 848 1961 897 usurpatum
1994 854 2091 881 esse
2118 853 2209 880 cer-

270 919 479 962 tissimum
515 926 602 973 est,
649 919 691 962 id
726 920 840 977 quod
877 920 959 963 alio
1000 921 1095 965 loco
1135 922 1540 967 demonstravimus:
1583 935 1721 978 neque
1759 919 1898 976 ipsum
1940 917 2208 974 Apollonium

270 999 453 1054 priscam
490 1007 534 1041 et
567 1000 794 1056 genuinam
834 999 1014 1041 nominis
1044 1000 1417 1057 significationem,
1462 1015 1584 1059 quam
1624 999 1681 1042 illi
1717 997 1854 1041 secuti
1886 1003 2007 1050 suut,
2050 995 2210 1052 fugisse

268 1076 415 1119 credo.
485 1078 646 1120 Contra
686 1078 856 1120 Stoicos
905 1078 1016 1119 enim
1064 1079 1307 1136 disputans,
1362 1080 1603 1123 liberiorem
1639 1093 1761 1122 suum
1807 1075 1986 1119 nominis
2031 1076 2208 1131 abusum

270 1164 554 1209 excusantes,
585 1161 701 1204 πόθεν
725 1160 822 1209 γάρ,
856 1155 1010 1212 inquit,
1043 1160 1191 1211 ἁρμογὴ
1214 1160 1279 1199 καὶ
1307 1163 1429 1199 κῶλον
1456 1161 1494 1199 τὸ
1520 1161 1631 1207 αὐτός
1651 1160 1842 1211 Ἀρμοιγὴυ
1880 1154 2009 1213 igitur
2048 1168 2081 1195 s.
2119 1152 2208 1195 iun-

270 1242 432 1277 cturam
466 1250 519 1278 eo
551 1232 719 1276 nomine
750 1233 980 1290 significari
1011 1234 1214 1290 agnoscit.
1275 1234 1473 1275 Debcbat
1499 1249 1602 1289 ergo
1631 1234 1733 1275 illud
1765 1249 1933 1290 quoque
1961 1246 2208 1290 agnoscere,

272 1313 397 1370 longe
429 1312 568 1370 aptius
598 1311 641 1354 id
673 1325 824 1354 nomen
853 1310 906 1354 iis
936 1311 1151 1354 vocabulis
1183 1310 1385 1365 inditum,
1424 1326 1533 1368 quae
1573 1312 1692 1368 quasi
1727 1312 1962 1356 iuncturam
2002 1311 2208 1369 quandam

270 1393 555 1435 membrorum
586 1389 788 1434 orationis
820 1390 1065 1445 efficerent,
1098 1404 1221 1448 quam
1254 1389 1344 1434 suis
1371 1390 1453 1433 illis
1483 1390 1697 1446 articulis,
1728 1407 1835 1449 quos
1868 1406 1952 1435 non
1981 1391 2066 1434 duo
2098 1390 2208 1434 inter

270 1487 318 1513 se
351 1473 535 1513 membra
561 1477 839 1521 connectere,
873 1470 950 1511 sed
983 1478 1121 1511 semet
1148 1471 1265 1526 ipsos
1286 1476 1445 1512 tantum
1472 1469 1597 1512 alicui
1620 1471 1826 1512 vocabulo
1851 1470 2082 1528 adiungere
2107 1470 2208 1512 vult.

270 1550 337 1592 An
370 1550 479 1592 sorte
510 1549 635 1591 etiam
664 1547 881 1591 encliticas
913 1548 1016 1590 istas
1046 1549 1240 1601 voculas,
1281 1562 1389 1604 quae
1420 1562 1632 1605 nunquam
1663 1563 1745 1591 non
1773 1549 1898 1592 alicui
1925 1550 2131 1592 vocabulo
2163 1563 2210 1591 se

270 1628 503 1683 adiungunt
550 1628 745 1682 adeoque
781 1627 905 1668 etiam
942 1627 982 1667 in
1023 1627 1337 1683 pronuntiando
1370 1641 1465 1668 cum
1502 1627 1554 1668 iis
1594 1628 1860 1681 coalescunt,
1907 1635 1953 1670 ut
1988 1634 2210 1670 accentum

266 1705 309 1748 in
342 1720 393 1749 ea
424 1706 640 1759 reficiant,
672 1712 903 1762 propterea
931 1714 1050 1748 recte
1081 1707 1209 1759 ἄρθρα
1241 1705 1325 1748 dici
1358 1706 1549 1759 potuisse
1594 1706 1858 1748 credemus?
1911 1707 2017 1749 Nam
2052 1707 2208 1749 ridicu·

268 1785 352 1829 lum
385 1786 682 1830 nonnullorum
713 1801 919 1839 errorem,
949 1786 1018 1841 qui
1048 1801 1177 1841 quum
1211 1785 1337 1838 ‹32‘92902
1371 1786 1494 1827 etiam
1522 1786 1721 1841 genitalia
1752 1786 1836 1827 dici
1867 1787 2083 1840 viderent,
2111 1788 2208 1828 binc

268 1864 458 1908 articulis
490 1864 532 1908 id
567 1879 721 1908 nomen
751 1863 927 1907 inditum
957 1864 1259 1921 opinabantur,
1301 1864 1398 1920 quia
1425 1865 1611 1917 scilicet,
1651 1873 1698 1907 ut
1722 1865 1920 1920 genitalia
1945 1881 2096 1908 sexum
2124 1867 2209 1907 ani-

269 1943 461 1996 malium,
494 1943 557 1985 sic
585 1943 643 1985 illi
672 1957 808 2000 genus
836 1942 1048 1986 nominum
1080 1942 1443 1996 demonstrarent,
1485 1942 1578 2000 ipsc
1607 1943 1859 2000 Apollonius
1892 1944 1995 1987 satis
2021 1944 2206 1987 conl'uta-

267 2022 338 2065 vit.
401 2023 494 2081 Ego
526 2029 667 2065 autem
700 2021 825 2064 etiam
853 2020 1049 2080 genitalia
1084 2035 1168 2065 non
1200 2020 1320 2064 aliam
1357 2021 1410 2064 ob
1439 2036 1606 2066 causam
1634 2021 1761 2077 ἄρθρα
1793 2021 1905 2067 dicia
1937 2022 2208 2076 crediderim,

267 2117 389 2157 quam
424 2103 521 2157 quia
551 2103 592 2142 in
621 2102 738 2143 coitu
772 2101 899 2142 maris
932 2108 975 2142 et
1002 2101 1185 2142 feminae
1218 2113 1400 2157 corpora
1429 2100 1492 2143 his
1522 2100 1711 2159 partibus
1744 2101 1862 2160 quasi
1897 2109 2207 2146 connectuntur

268 2189 311 2223 et
340 2183 594 2236 copulantur
621 2183 698 2236 Ιὃ).
764 2181 849 2222 Ubi
890 2190 1029 2222 autem
1063 2181 1141 2221 alia
1181 2182 1367 2221 membra
1402 2183 1526 2235 ἄρθρα
1565 2189 1791 2234 vocantur,
1832 2182 2087 2224 transfertur
2117 2182 2204 2239 qui-

266 2261 362 2303 dem
398 2260 577 2304 nominis
609 2260 863 2316 significatio
894 2275 917 2302 a
947 2260 1143 2302 iunctura
1172 2259 1213 2301 in
1251 2274 1324 2311 ea,
1367 2273 1474 2314 quae
1516 2274 1592 2315 per
1629 2260 1863 2302 iuncturam
1909 2261 2018 2302 inter
2054 2275 2101 2302 se
2138 2276 2206 2303 co-

267 2340 470 2392 haerent3
516 2348 558 2382 at
599 2341 722 2397 longe
763 2339 932 2383 diversa
968 2347 1106 2383 tamen
1149 2338 1254 2381 haec
1293 2337 1512 2381 translatio
1555 2339 1605 2381 ab
1634 2354 1683 2381 ea
1719 2347 1804 2391 est,
1848 2354 1930 2395 qua
1959 2342 2207 2397 Apollonius

457 2537 518 2580 14)
543 2537 611 2570 Hoc
635 2537 780 2579 pertinet
803 2535 843 2568 ad
866 2536 973 2568 iocum
997 2543 1017 2568 a
1045 2535 1272 2576 grammaticis
1296 2535 1328 2568 in
1353 2534 1542 2568 ordinandis
1567 2536 1713 2577 partibus
1736 2537 1895 2571 orationis
1923 2539 2106 2580 pronomini
2129 2541 2205 2580 post

264 2592 433 2624 articuium
457 2593 675 2630 assignatum,
699 2590 876 2631 propterea
898 2590 1053 2627 sicilicet,
1077 2591 1160 2629 quod
1185 2590 1344 2621 articulus
1368 2596 1451 2621 cum
1475 2589 1616 2627 nominc,
1639 2596 1817 2630 pronomen
1841 2592 1948 2623 autem
1975 2599 2049 2633 pro
2076 2593 2206 2626 nomine

263 2645 450 2685 usurpetur.
493 2643 636 2685 Quippe,
662 2644 695 2676 nt
716 2644 790 2684 ipse
814 2645 878 2681 ait,
902 2643 943 2675 de
966 2643 1091 2675 constr.
1120 2645 1155 2682 i,
1179 2644 1200 2675 3
1225 2650 1256 2684 p.
1277 2642 1338 2680 iti,
1361 2642 1422 2674 2⁶:
1446 2639 1477 2673 εἰ
1497 2639 1537 2673 τὸ
1567 2637 1708 2684 ὄρθρον
1740 2640 1842 2685 μετὰ
1877 2639 2067 2686 ὀνόματος,
2101 2643 2159 2677 καὶ
2183 2642 2207 2688 ἦ

263 2692 469 2738 ἐπωνυμία
492 2691 583 2728 (ἔντ’
610 2691 797 2738 ὀνόματος,
822 2694 958 2728 δέδοται
983 2692 1036 2727 ὅτι
1060 2693 1100 2727 τό
1124 2693 1355 2739 συνυπάρχον
1380 2692 1520 2736 ἄρθρον
1545 2695 1595 2726 τῶ
1619 2690 1768 2738 ὀνόματι
1785 2694 2030 2740 πρεσβύτερόν
2055 2695 2126 2731 ἐστι
2141 2698 2204 2742 τῆς

263 2746 499 2792 ἅντωνυμίας,
551 2749 600 2783 ci.
624 2750 730 2783 schol.
755 2750 889 2791 Dionys.
913 2750 1041 2792 p.898‚
1070 2750 1127 2783 16:
1161 2747 1402 2792 Προτέτακται
1434 2745 1470 2781 δὲ
1500 2748 1539 2781 τὸ
1569 2745 1709 2793 ἄρθρον
1733 2750 1796 2793 τῆς
1820 2746 2059 2794 α’ντωνυμίας·
2090 2749 2114 2795 ἦ
2139 2749 2203 2795 μὲν

261 2803 326 2849 γὰρ
340 2799 545 2846 ἀντωνυμία
561 2799 655 2835 ἀντὶ
679 2803 743 2836 τοῦ
761 2800 937 2847 ὀνόματός
954 2801 1058 2841 ἐστιν,
1079 2799 1166 2836 ὅθεν
1184 2800 1331 2842 δικαίως
1347 2799 1574 2844 προτέτακται
1590 2800 1630 2837 τὸ
1648 2801 1737 2847 μετ’
1757 2798 1942 2848 ὀνόματος·
1960 2805 2201 2852 γνησιώτερον

261 2855 326 2903 γὰρ
357 2855 398 2891 τὸ
422 2855 505 2900 μετά
528 2869 624 2896 τινος
647 2858 712 2890 τοῦ
735 2853 814 2890 ἄντί
837 2869 942 2896 τινος.

459 2910 518 2954 15)
542 2911 574 2944 ld
599 2913 737 2944 maxime
760 2912 990 2954 comprobatur
1014 2912 1186 2946 notissima
1211 2911 1376 2945 locutione
1398 2906 1515 2955 ἄρθρα
1538 2908 1574 2945 ἐν
1597 2907 1746 2955 ἄρθροις
1771 2909 1867 2956 ἔχειν.
